@InProceedings{ekvall,
  author =       {Staffan Ekvall and Danica Kragi\'c},
  title =        {Grasp Recognition for Programming by Demonstration},
  booktitle = {Proceedings of {IEEE/RSJ} International Conference on Robotics and Automation (ICRA)},
  year =      {2005},
}

@InProceedings{friedrich,
  author =       {H. Friedrich and V. Grossmann and M. Ehrenmann and O. Rogalla and R.-D. Z\"ollner and R. Dillmann},
  title =        {Towards cognitive elementary operators: grasp classification using neural network classifiers},
  booktitle = {Proceedings of the IASTED International Conference on Intelligent Systems and Control, Santa Barbara (CA), USA},
  pages =     {121--126},
  year =      {1999},
  month =     {oct},
}
@InProceedings{degranville,
  author =       {C. de Granville and J. Southerland and A. H. Fagg},
  title =        {Learning Grasp Affordances Through Human Demonstration},
  booktitle = {Proceedings of the International Conference on Development and Learning (ICDL'06)},
  year =      {2006},
}

@Article{heumer,
  author =       {G. Heumer and H. Ben Amor and M. Weber and B. Jung},
  title =        {Grasp Recognition with Uncalibrated Data Gloves - A Comparison of Classification Methods},
  journal =      {IEEE Virtual Reality},
  year =         {2007},
  pages =     {19--26},
}

@Article{CastelliniOMS07,
  author =       {C. Castellini and F. Orabona and G. Metta and G. Sandini},
  title =        {Internal Models of Reaching and Grasping},
  journal =      {Advanced Robotics},
  year =         {2007},
  note =         {Special issue on Learning by Imitation. To appear},
}

@InCollection{Gibson77,
  author =    {James J. Gibson},
  editor =    {Robert Shaw and John Bransford},
  title =        {The theory of affordances},
  publisher =    {Erlbaum},
  year =         {1977},
  pages =     {67--82},
  booktitle =    {Perceiving, acting and knowing: toward and ecological psychology},
} 


@Article{Cutkosky89,
  author =       {M. R. Cutkosky},
  title =        {On grasp choice, grasp models and the design of hands for manufacturing tasks},
  journal =      {IEEE Trans. on Robotics and Automation},
  year =         {1989},
  volume =    {5},
  number =    {3},
  pages = {269--279}
}

@Manual{cyberglove,
  title =        {CyberGlove Reference Manual},
  organization = {Virtual Technologies, Inc.},
  address =   {2175 Park Blvd., Palo Alto (CA), USA},
  month =     {August},
  year =      {1998},
}

@article{212431,
 author = {G. Drew Kessler and Larry F. Hodges and Neff Walker},
 title = {Evaluation of the CyberGlove as a whole-hand input device},
 journal = {ACM Trans. Comput.-Hum. Interact.},
 volume = {2},
 number = {4},
 year = {1995},
 pages = {263--283},
 publisher = {ACM Press},
 address = {New York, NY, USA},
 }

@Book{Vapnik98,
  author =	{Vladimir N. Vapnik},
  title =	{Statistical Learning Theory},
  publisher =	{John Wiley and Sons},
  address =	{New York},
  year = 	{1998},
}

@article{DownsGM01,
  author = {T. Downs and K. E. Gates and A. Masters},
  title = {Exact Simplification of Support Vectors Solutions},
  journal = {Journal of Machine Learning Research},
  volume = 2,
  pages = {293--297}, 
  year = 2001
}

@InProceedings{EngelMM02sparse,
  author = {Y. Engel and S. Mannor and R. Meir},
  title = {Sparse online greedy support vector regression},
  booktitle = {Proceedings 13th European Conference on Machine Learning},
  year = 2002
}

@article{EngelMaMeir04,
	author = {Y. Engel and S. Mannor and R. Meir},
	title = {The kernel recursive least-squares algorithm},
	journal = {IEEE Transactions on Signal Processing},
	volume = {52},
	number = {8},
	pages = {2275--2285},
	year = 2004,
}


@InProceedings{MartinezMozos05a,
  TITLE =        {Supervised Learning of Places from Range Data using Adaboost},
  AUTHOR =       {Mart\'{i}nez Mozos, O. and Stachniss, C. and W. Burgard},
  BOOKTITLE =    {Proc. of the IEEE International Conference on Robotics and Automation (ICRA'05)},
  YEAR =         {2005},
  PAGES =        {1742--1747},
  ADDRESS =      {Barcelona, Spain}
}

@InProceedings{Zeng:Weng:ICRA04,
  author = {S. Zeng and J. Weng},
  title = {Obstacle avoidance through incremental learning with attention selection},
  booktitle = {Proceedings of the 2004 IEEE International Conference on Robotics and Automation},
  year = 2004
}

@InProceedings{Tapus:Siegwart:ICRA2006,
  author = {A. Tapus and R. Siegwart},
  title = {A Cognitive modeling of space using fingerprints of places for mobile robot navigation},
  booktitle = {Proceedings of the 2006 IEEE International Conference on Robotics and Automation},
  year = 2006
}

@INCOLLECTION{Thrun95k,
  AUTHOR         = {S. Thrun},
  YEAR           = {1995},
  TITLE          = {A Lifelong Learning Perspective for Mobile Robot Control},
  BOOKTITLE      = {Intelligent Robots and Systems},
  EDITOR         = {V. Graefe},
  PUBLISHER      = {Elsevier}
}

@INPROCEEDINGS{luo07iros,
  AUTHOR = {Luo, J. and Pronobis, A. and Caputo, B. and Jensfelt, P.},
  TITLE = {Incremental Learning for Place Recognition in Dynamic Environments},
  BOOKTITLE = {IEEE/RSJ International Conference on Intelligent Robots and Systems (IROS07)},
  YEAR = {2007},
  ADDRESS = {San Diego, California},
  MONTH = {October}
}

@INPROCEEDINGS{pronobis06iros,
  author = {Pronobis, A. and Caputo, B. and Jensfelt, P. and Christensen, H. I.},
  title = {A Discriminative Approach to Robust Visual Place Recognition},
  booktitle = {Proceedings of the IEEE/RSJ International Conference on Intelligent Robots and Systems (IROS06)},
  year = {2006},
  address = {Beijing, China},
  month = {October}
}

@article{KeerthiCDC06,
  author = {S. Sathiya Keerthi and Olivier Chapelle and Dennis DeCoste},
  title = {Building Support Vector Machines with Reduced Classifier Complexity},
  journal = {Journal of Machine Learning Research},
  volume = 8,
  pages = {1--22}, 
  year = 2006
}

@article{EngelMM04,
  author =       {Yaakov Engel and Shie Mannor and Ron Meir},
  title =        {The Kernel Recursive Least Squares Algorithm},
  journal =      {IEEE Trans. on Signal Processing},
  year =         {2004},
  volume =    {52},
  number =    {8},
}

@article{Burges98,
  author = {Christopher J. C. Burges},
  title = {A Tutorial on Support Vector Machines for Pattern Recognition},
  journal = {Knowledge Discovery and Data Mining},
  volume = 2,
  number = 2,
  year = 1998
}

@inproceedings{BurgesC99,
  author    = {Christopher J. C. Burges and David J. Crisp},
  title     = {Uniqueness of the SVM Solution},
  booktitle = {Advances in Neural Information Processing Systems 12},
  year      = {1999},
  pages     = {223--229},
}


@inproceedings{CauwenberghsP00,
  author    = {G. Cauwenberghs and T. Poggio},
  title     = {Incremental and Decremental Support Vector Machine Learning},
  booktitle = {Advances in Neural Information Processing Systems 14},
  year      = {2000},
  pages     = {409--415},
}
  

@article{KeerthiDC05,
  author = {S. Sathiya Keerthi and Dennis DeCoste},
  title = {A modified finite {Newton} method for fast solution of large scale linear {SVM}s},
  journal = {Journal of Machine Learning Research},
  volume = 6,
  pages = {341--361}, 
  year = 2005
}

@article{Steinwart03,
  author = {I. Steinwart},
  title = {Sparseness of support vector machines},
  journal = {Journal of Machine Learning Research},
  volume = 4,
  pages = {1071--1105}, 
  year = 2003
}

@article{CoxOS90,
  author = {D. Cox and F. O'Sullivan},
  title = {Asymptotic analysis of penalized likelihood and related estimators},
  journal = {Ann. Statist.},
  volume = 18,
  pages = {1676--1695}, 
  year = 1990
}

@article{KimeldorfW70,
  author = {G. Kimeldorf and G. Wahba},
  title = {A correspondence between Bayesian estimation of stochastic processes and smoothing by splines},
  journal = {Ann. Math. Statist.},
  volume = 41,
  pages = {495--502}, 
  year = 1970
}

@inproceedings{LeeM01,
  author    = {Y. J. Lee and O. L. Mangasarian},
  title     = {{RSVM}: Reduced support vector machines},
  booktitle = {Proceedings of the SIAM International Conference on Data Mining},
  year      = {2001}
}

@article{PontilV98,
  author = {Massimiliano Pontil and Alessandro Verri},
  title = {Properties of Support Vector Machines},
  journal = {Neural Computation},
  volume = 10,
  pages = {955--974}, 
  year = 1998
}

@manual{ChangL01,
  author =	 {Chih-Chung Chang and Chih-Jen Lin},
  title =	 {{LIBSVM}: a library for support vector machines},
  year =	 {2001},
  note =	 {Software available at \url{http://www.csie.ntu.edu.tw/~cjlin/libsvm}}
}

@Book{CristianiniST00,
  author =	{N. Cristianini and J. Shawe-Taylor},
  title =	{An Introduction to Support Vector Machines and Other Kernel-Based Learning Methods},
  pages =	{204},
  publisher = {Cambridge University Press},
  year = 	{2000},
}

@InProceedings{BGV92,
  author =       {Boser, B. E. and Guyon, I. M. and Vapnik, V. N.},
  title =        {A training algorithm for optimal margin classifiers},
  booktitle =    {Proceedings of the 5th Annual ACM Workshop on Computational Learning Theory},
  pages =        {144--152},
  year =         {1992},
  editor =       {D. Haussler},
  publisher =    {ACM press},
}

@article{WuSB06,
   author = {M. Wu and B. Sch\"olkopf and G. Bakir},
   title = {A Direct Method for Building Sparse Kernel Learning Algorithms},
   year = {2006},
   volume = {7},
   pages = {603--624},
   month = {04},
   journal = {Journal of Machine Learning Research},
}

@InProceedings{SyedLS99,
  author =       {N. Syed and H. Liu and K. Sung},
  title =        {Incremental learning with support vector machines},
  booktitle =    {Proceedings of the Workshop on Support Vector Machines at the
                  International Joint Conference on Articial Intelligence (IJCAI-99)},
  year =         {1999},
}

@Article{CsatoO01,
  author =       {L. Csat\'o and M. Opper},
  title =        {Sparse On-Line Gaussian Processes},
  journal =      {Neural Computation},
  volume =       {14},
  year =         {2002},
  pages =        {641--668}
}

@Article{Laskov2006,
  author =       {Pavel Laskov and Christian Gehl and Stefan Kr\"uger and Klaus-Robert M\"uller},
  title =        {Incremental support vector learning: analysis, implementation and applications},
  journal =      {Journal of Machine Learning Research},
  year =         {2006},
  volume =    {7},
  pages =     {1909--1936},
}

@Article{Munro1951,
  author =       {H. Robbins and S Munro},
  title =        {A stochastic approximation method},
  journal =      {Annals of Mathematical Statistics},
  year =         {1951},
  volume =    {22},
  pages =     {400--407},
}

@article{lecun98efficient,
  author = "Y. LeCun and L. Bottou and G. B. Orr and K.-R. Mueller",
  title = "Efficient {BackProp}",
  journal = "Lecture Notes in Computer Science",
  volume = "1524",
  pages = "9--53",
  year = "1998",
  url = "citeseer.ist.psu.edu/lecun98efficient.html"
}

@Article{Murata2002,
  author =       {Noboru Murata and Motoaki Kawanabe and Andreas Ziehe and Klaus-Robert M\"uller
    and Shun-ichi Amari},
  title =        {On-line Learning in Changing Environments with Applications in Supervised
    and Unsupervised Learning},
  journal =      {Neural Networks},
  year =         {2002},
  volume =    {15},
  pages =     {743--760},
}

@InProceedings{BachJordan2005,
  author =       {F. R. Bach and M. I. Jordan},
  title =        {Predictive low-rank decomposition for kernel methods},
  booktitle = {Proceedings of the 22nd International Conference on Machine Learning (ICML)},
  year =      {2005},
}

@article{Baudat03,
  author    = {G. Baudat and Fatiha Anouar},
  title     = {Feature vector selection and projection using kernels},
  journal   = {Neurocomputing},
  volume    = {55},
  number    = {1--2},
  year      = {2003},
  pages     = {21--38}
}

@article{SmolaTut2004,
 author = {Alex J. Smola and Bernhard Sch\"olkopf},
 title = {A tutorial on support vector regression},
 journal = {Statistics and Computing},
 volume = {14},
 number = {3},
 year = {2004},
 pages = {199--222},
 publisher = {Kluwer Academic Publishers},
 address = {Hingham, MA, USA},
}

@inproceedings{ljubjiana:icra02,
    author = "M. Arta\v{c} and M. Jogan and A. Leonardis",
    title = "Mobile Robot Localization Using an Incremental Eigenspace Model",
    booktitle = "Proceedings ICRA'02",
 year = {2002},
}

@inproceedings{emma:irca05,
    author = {Emma Brunskill and Nicholas Roy},
    title = {{SLAM} using Incremental Probabilistic {PCA} and Dimensionality Reduction},
    booktitle = {Proceedings ICRA'05},
 year = {2005},
}


@inproceedings{zhang:cvpr06,
    author = {Hao Zhang and Alexander C. Berg and Michael Maire and Jitendra Malik},
    title = {{SVM-KNN}: discriminative nearest neighbor classification for visual category recognition},
    booktitle = {Proceedings CVPR'06},
  year = {2006},
}

@InProceedings{joachims2006,
  author =       {Thorsten Joachims},
  title =        {Training Linear {SVM}s in Linear Time},
  booktitle = {Proceedings of the ACM Conference on Knowledge Discovery and Data Mining (KDD)},
  year =      {2006},
  editor =    {ACM},
}

@inproceedings{linde:icpr04,
  author = {Oskar Linde and Tony Lindeberg},
  title = {Object recognition using composed receptive field histograms of higher dimensionality},
  booktitle = {Proceedings ICPR'04},
  year = {2004}
}

@inproceedings{WallravenCG03,
  AUTHOR = { C. Wallraven and B. Caputo and A. Graf.},
  TITLE = {Recognition with Local features: the kernel recipe},
  BOOKTITLE = {Proceedings of ICCV'03},
  year = {2003}
}

@techreport{luo:idol2,
  AUTHOR = {Jie Luo and Andrzej Pronobis and Barbara Caputo and Patric Jensfelt},
  TITLE  = {The {KTH-IDOL2} Database},
  YEAR   = {2006},
  INSTITUTION = {KTH, CAS/CVAP},
  NUMBER = {304},
  NOTE   = "Available at \url{http://cogvis.nada.kth.se/IDOL2}"
}

@inproceedings{luo:icra07,
  AUTHOR = {J. Luo and A. Pronobis and B. Caputo and P. Jensfelt},
  TITLE  = {Incremental Learning for Place Recognition in Dynamic Environments},
  NOTE = {Accepted for {\it IROS'07}, to appear, 2007.}
}

@inproceedings{BoughorbelTF04,
  author    = {Boughorbel, S. and Tarel, J.-P. and Fleuret, F.}, 
  title     = {Non-Mercer Kernels for {SVM} Object Recognition},
  booktitle = {Proceedings of British Machine Vision Conference (BMVC'04)}, 
  date      = {September 7-9},
  address   = {London, England},
  pages     = {137--146},
  year      = {2004}
} 

@inproceedings{pronobis:icvs06,
  author = {Andrzej Pronobis and Barbara Caputo},
  title = {The more you learn, the less you store: memory-controlled incremental
                 support vector machines},
  booktitle = {International Cognitive Vision Workshop}, 
  address = {Gratz, Austria},  	
  year = {2006}
}

@incollection{Barlow61,
 author = {H. B. Barlow},
 title = {Possible principles underlying the trasformations of sensory messages},
 booktitle = {Sensory Communication},
 publisher = {MIT Press},
 editor = {W. A. Rosenblith},
 pages = {217--234},
 year = 1961
}

@article{Bell97,
 author = {A. J. Bell and T. J. Sejnowski},
 title = {The 'indipendent components' of natural scenes are edge filters},
 journal = {Vision Research},
 pages = {3327--3338},
 volume = 37,
 year = 1997
}

@article{Li98,
  author = {Z. Li},
  title = {A neural model of contour integration in the primary visual cortex},
  journal = {Neural Computation},
  volume = 10, 
  pages = {903--940}, 
  year = 1998
}

@article{Grossberg85,
  author = {S. Grossberg and E. Mingolla},
  title = {Neural dynamics of perceptual grouping: textures, boundaries, and emergent segmentations},
  journal = {Perceptual Psychophysics},
  volume = 38, 
  pages = {141--171}, 
  year = 1985
}

@article{Geisler01,
  author = {W. S. Geisler and J. S. Perry and B. J. Super and D. P. Gallogly},
  title = {Edge co-occurrence in natural images predicts contour grouping performance},
  journal = {Vision Research},
  volume = 41, 
  pages = {711--724}, 
  year = 2001
}

@article{Morrone88,
  author = {M. Morrone and D. Burr},
  title = {Feature Detection in Human Vision: A Phase Dependent Energy Model},
  journal = {Proc. Royal Soc. of London B},
  volume = 235, 
  pages = {221--245}, 
  year = 1988
}

@article{GrayKES89,
  author = {C. M. Gray and P. K\"onig and A. K. Engel and W. Singer},
  title = {Oscillatory responses in cat visual cortex exhibit inter-columnar synchronization which reflects global stimulus properties},
  journal = {Nature},
  volume = 338, 
  pages = {334--336}, 
  year = 1989
}

@article{Vonikakis06,
  author = {V. Vonikakis and A. Gasteratos and I. Andreandis},
  title = {Enhancement of perceptually salient contours using a parallel artificial cortical network},
  journal = {Biological Cybernetics},
  volume = 94,
  pages = {194--214}, 
  year = 2006
}

@article{Guy96,
  author = {G. Guy and G. Medioni},
  title = {Inferring Global Perceptual Contours from Local Features},
  journal = {Int. J. of Computer Vision},
  volume = 20,
  pages = {113--133}, 
  year = 1996
}

@inproceedings{Knutsson89,
  author = {H. Knutsson},
  title = {Representing local structure using tensors},
  booktitle = {Proceedings 6th Scandinavian Conference on Image Analysis},
  address = {Oulu, Finland},
  pages = {244--251},
  year = 1989
}

@article{Sigman01,
  author = {Mariano Sigman and Guillermo A. Cecchi and Charles D. Gilbert and Marcelo O. Magnasco},
  title = {On a common circle: Natural scenes and Gestalt rules},
  journal = {PNAS},
  volume = 98,
  number = 4,
  pages = {1935--1940}, 
  year = 2001
}

@InProceedings{MartinFTM01,
  author = {D. Martin and C. Fowlkes and D. Tal and J. Malik},
  title = {A Database of Human Segmented Natural Images and its
           Application to Evaluating Segmentation Algorithms and
           Measuring Ecological Statistics},
  booktitle = {Proceedings 8th Int'l Conf. Computer Vision},
  year = {2001},
  month = {July},
  volume = {2},
  pages = {416--423}
}

@article{Prodohl01,
  author = {C. Prod\"ohl and R. P. W\"urtz and Christoph von der Malsburg},
  title = {Learning the Gestalt Rule of Collinearity from Object Motion},
  journal = {Neural Computation},
  volume = 15,
  pages = {1865--1896}, 
  year = 2003
}

@article{Hoyer02,
  author = {P. O. Hoyer and A. Hyv\"arinen},
  title = {A multilayer sparse coding network learns contour coding from natural images},
  journal = {Vision Research},
  volume = 42,
  number = 12,
  pages = {1593--1605}, 
  year = 2002
}

@article{SimoncelliO01,
  author = {E. Simoncelli and B. Olshausen},
  title = {Natural images statistics and neural representation},
  journal = {Annual Review of Neuroscience},
  volume = 24,
  pages = {1193--1216}, 
  year = 2001
}

@article{SchmidtGLS97,
  author = {K. Schmidt and R. Goebel and S. L\"owel and W. Singer},
  title = {The perceptual grouping criterion of collinearity is reflected by anisotropies of connections in the primary visual cortex},
  journal = {European Journal of Neuroscience},
  volume = 5,
  number = 9,
  pages = {1083--1084}, 
  year = 1997
}

@article{CoppolaPMP98,
  author = {D. M. Coppola and H. R. Purves and A. N. McCoy and D. Purves},
  title = {The distribution of oriented contours in the real world},
  journal = {PNAS},
  volume = 95,
  pages = {4002--4006}, 
  year = 1998
}

@InProceedings{NataleOMS05,
  author = {L. Natale and F. Orabona and G. Metta and G. Sandini},
  title = {Exploring the world through grasping: a developmental approach},
  booktitle = {Proceedings 6th CIRA Symposium},
  year = {2005},
  month = {June},
  pages = {27--30}
}

@article{FieldHH93,
  author = {D. J. Field and A. Hayes and R. F. Hess},
  title = {Contour integration by the human visual system: evidence for local "association field"},
  journal = {Vision Research},
  volume = 33,
  number = 2,
  pages = {173--193}, 
  year = 1993
}

@article{MartinFM04,
  author = {D. Martin and C. Fowlkes and J. Malik},
  title = {Learning to Detect Natural Image Boundaries Using Local Brightness, Color and Texture Cues},
  journal = {IEEE Transactions on Pattern Analysis and Machine intelligence},
  volume = 26,
  number = 5,
  pages = {530--549}, 
  year = 2004
}

@article{LeeM99,
  author = {Mi-Suen Lee and G{\'e}rard Medioni},
  title = {Grouping  ., -, $\rightarrow$, $\theta$, into Regions, Curves and Junctions},
  journal = {Journal of Computer Vision and Image Understanding},
  volume = 76,
  number = 1,
  pages = {54--69}, 
  year = 1999
}

@article{ElderG02,
  author = {James H. Elder and Richard M. Goldberg},
  title = {Ecological Statistics of Gestalt Laws for the Perceptual Organization of Contours},
  journal = {Journal of Vision},
  volume = 2,
  pages = {324--353}, 
  year = 2002
}

@article{Pylyshyn01,
	author = {Zenon  W. Pylyshyn},
	journal = {Cognition},
	month = {June},
	number = {1--2},
	pages = {127--158},
	title = {Visual indexes, preconceptual objects, and situated vision},
	volume = {80},
	year = {2001}
}

@article{MettaF03,
	author = {Giorgio Metta and P. Fitzpatrick},
	journal = {Adaptive Behavior},
	pages = {109--128},
	title = {Early Integration of Vision and Manipulation},
	volume = {11},
	year = {2003}
}

@article{Scholl01,
	author = {B. J. Scholl},
	journal = {Cognition},
	pages = {1--46},
	title = {Objects and attention: the state of the art},
	volume = {80},
	year = {2001}
}

@InCollection{Yantis98,
	author = {S. Yantis},
	title = {Control of visual attention},
	booktitle = {Attention},
	year = {1998},
	pages = {223--256},
	publisher = {Psycology Press},
	editor = {H. Pashler}
}

@article{IttiKN98,
	author = {L. Itti and C. Koch and E. Niebur},
	journal = {IEEE Transactions on Pattern Analysis and Machine Intelligence},
	pages = {1254--1259},
	title = {A Model of Saliency-Based Visual Attention for Rapid Scene Analysis},
	volume = {20},
	year = {1998}
}

@article{SelaL97,
	author = {G. Sela and M. D. Levine},
	journal = {Real-Time Imaging},
	pages = {173--194},
	title = {Real-Time Attention for Robotic Vision},
	volume = {3},
	year = {1997}
}

@article{MilaneseGP95,
	author = {R. Milanese and S. Gil and T. Pun},
	journal = {Optical Engineering},
	pages = {2428--2434},
	title = {Attentive Mechanisms for Dynamic and Static Scene Analysis},
	volume = {34},
	year = {1995}
}

@article{TreismanG80,
	author = {A. M. Treisman and G. Gelade},
	journal = {Cognitive Psychology},
	month = {January},
	number = {1},
	pages = {97--136},
	title = {A feature-integration theory of attention.},
	volume = {12},
	year = {1980}
}

@article{SunF03,
	author = {Y. Sun and R. Fisher},
	journal = {Artificial Intelligence},
	pages = {77--123},
	title = {Object-based visual attention for computer vision},
	volume = {146},
	year = {2003}
}

@article{SandiniT80,
	author = {Giulio Sandini and Vincenzo Tagliasco},
	journal = {Computer Vision, Graphics and Image Processing},
	pages = {365--372},
	title = {An Anthropomorphic Retina-like Structure for Scene Analysis},
	volume = {14},
	year = {1980}
}

@article{SmirnakisBWBM97,
	author = {S. M. Smirnakis and M. J. Berry and D. K. Warland and W. Bialek and M. Meister},
	journal = {Nature},
	pages = {69--73},
	title = {Adaptation of retinal processing to image contrast and spatial scale},
	volume = {386},
	year = {1997}
}

@article{Billock95,
	author = {V. A. Billock},
	journal = {Vision Research},
	pages = {2359--2369},
	title = {Cortical Simple Cells Can Extract Achromatic Information from the Multiplexed Chromatic and Achromatic Signals in the Parvocellular Pathway},
	volume = {35},
	year = {1995}
}

@article{MallotSG90,
 author = {Hanspeter A. Mallot and Werner von Seelen and Fotios Giannakopoulos},
 title = {Neural mapping and space-variant image processing},
 journal = {Neural Networks},
 volume = {3},
 number = {3},
 year = {1990},
 pages = {245--263},
 publisher = {Elsevier Science Ltd.},
 address = {Oxford, UK, UK}
}

@article{LiYYY03,
 author = {X. Li and T. Yuan and N. Yu and Y. Yuan},
 title = {Adaptive color quantization based on perceptive edge protection},
 journal = {Pattern Recognition Letters},
 volume = {24},
 year = {2003},
 pages = {3165--3176}
}

@article{EckhornBJBKMR88,
 author = {R. Eckhorn and R. Bauer and W. Jordan and M. Brosch and M. Kruse and W. Munk and H. J. Reitboeck},
 title = {Coherent oscillations: A mechanism of feature linking in the visual cortex?},
 journal = {Biological Cybernetics},
 volume = {60},
 year = {1988},
 pages = {121--130}
}

@INPROCEEDINGS{Smet00,
  author = {{De Smet}, P. and {Pires}, R. L. V.},
  title = {Implementation and analysis of an optimized rainfalling watershed algorithm},
  booktitle = {Proceedings SPIE Vol. 3974, Image and Video Communications and Processing 2000},
     year = {2000},
   editor = {{Vasudev}, B. and {Hsing}, T. R. and {Tescher}, A. G. and {Stevenson}, R. L.
	},
    month = apr,
    pages = {759--766}
}

@article{WanH03,
        AUTHOR = {Wan, S.Y. and Higgins, W.E.},
        TITLE = {Symmetric Region Growing},
        JOURNAL = {IEEE Transactions on Image Processing},
        VOLUME = {12},
        YEAR = {2003},
        NUMBER = {9},
        MONTH = {September},
        PAGES = {1007--1015}
}

@article{IttiK01,
  author = {L. Itti and C. Koch},
  title = {Computational Modeling of Visual Attention},
  journal = {Nature Reviews Neuroscience},
  volume = {2},
  number = {3},
  pages = {194--203},
  month = {March},
  year = {2001}
}

@article{ViolaJ04,
 author = {Paul Viola and Michael J. Jones},
 title = {Robust Real-Time Face Detection},
 journal = {International Journal of Computer Vision},
 volume = {57},
 number = {2},
 year = {2004},
 pages = {137--154},
 publisher = {Kluwer Academic Publishers},
 address = {Hingham, MA, USA}
}

@article{Klein00,
 author = {R. M. Klein},
 title = {Inhibition of return},
 journal = {Trends in Cognitive Sciences},
 volume = {4},
 year = {2000},
 pages = {138--147}
}

@article{Wolfe03,
 author = {J. M. Wolfe},
 title = {Moving towards solutions to some enduring controversies in visual search},
 journal = {Trends in Cognitive Sciences},
 volume = {7},
 year = {2003},
 pages = {70--76}
}

@INPROCEEDINGS{SchieleC96,
  author = {B. Schiele and J. Crowley},
  title = {Where to look next and what to look},
  booktitle = {Proceedings of the Conf. on Intelligent Robots and Systems (IROS'96)},
  pages = {1249--1255},
  year = 1996
}

@INPROCEEDINGS{KohaviBS97,
	author = {R. Kohavi and B. Becker and D. Sommerfield},
	title = {Improving simple Bayes},
	booktitle = {Proceedings of the European Conference on Machine Learning},
	year = {1997}
}

@article{IttiK01b,
  author = {L. Itti and C. Koch},
  title = {Feature Combination Strategies for Saliency-Based Visual Attention Systems},
  journal = {Journal of Electronic Imaging},
  volume = {10},
  number = {1},
  pages = {161--169},
  month = {Jan},
  year = {2001}
}

@article{MelcherK99,
  author = {D. Melcher and E. Kowler},
  title = {Shapes, surfaces and saccades},
  journal = {Vision Research},
  volume = {39},
  pages = {2929--2946},
  year = {1999}
}

@article{PosnerSD80,
  author = {M. I. Posner and C. R. R. Snyder and B. J. Davidson},
  title = {Attention and the detection of signals},
  journal = {Journal of Experimental Psychology: General},
  volume = {109},
  pages = {160--174},
  year = {1980}
}

@InCollection{DowningP85,
	author = {C. Downing and S. Pinker},
	title = {The spatial structure of visual attention},
	booktitle = {Attention and Performance XI: Mechanisms of attention},
	EDITOR = {M. I. Posner and O. S. M. Marin},
	PUBLISHER = {Erlbaum},
	year = {1985},
	pages = {171--187},
	address = {Hillsdale, NJ}
}

@InCollection{SandiniM02,
  AUTHOR = {G. Sandini and G. Metta},
  TITLE = {Retina-like sensors: motivations, technology and applications},
  BOOKTITLE = {Sensors and Sensing in Biology and Engineering},
  PUBLISHER = {Springer Verlag},
  YEAR = 2002,
  EDITOR = {T.W. Secomb and F. Barth and P. Humphrey},
  ADDRESS = {New York, NY}
}

@article{VincentS91,
  author = {L. Vincent and P. Soille},
  title = {Watersheds in digital spaces: an efficient algorithm based on immersion simulations},
  journal = {IEEE Transactions on Pattern Analysis and Machine Intelligence},
  volume = {13},
  number = {6},
  pages = {583--598},
  year = {1991}
}

@incollection{WolfeG96,
  Author = {Wolfe, J. M. and Gancarz, G.},
  Title = {Guided Search 3.0 Basic and Clinical Applications of Vision Science},
  BookTitle = {Basic and Clinical Applications of Vision Science},
  Editor = {Lakshminarayanan, V.},
  Publisher = {Kluwer Academic},
  Address = {Dordrecht, Netherlands},
  Pages = {189--192},
  Year = {1996}
}

@inproceedings{CollobertSWB06,
 author = {Ronan Collobert and Fabian Sinz and Jason Weston and L\'{e}on Bottou},
 title = {Trading convexity for scalability},
 booktitle = {ICML '06: Proceedings of the 23rd International Conference on Machine Learning},
 year = {2006},
 pages = {201--208},
 location = {Pittsburgh, Pennsylvania},
 publisher = {ACM Press},
 address = {New York, NY, USA},
}

@BOOK{Marr82,
  AUTHOR = {Marr, D.},
  TITLE = {Vision: a computational investigation into the human representation and processing of visual information},
  PUBLISHER = {W. H. Freeman, San Francisco},
  YEAR = {1982}
}

@article{EglyDR94,
  Author = {Egly, R. and Driver, J. and Rafal, R.},
  Title = {Shifting visual attention between objects and locations: evidence for normal and parietal subjects},
  Journal = {Journal of Experimental Psychology: General},
  Volume = {123},
  Pages = {161--177},
  Year = {1994}
}

@article{OCravenDK99,
  Author = {O'Craven, K. and Downing, P. and Kanwisher, N.},
  Title = {{fMRI} evidence for objects as units of attentional selection},
  Journal = {Nature},
  Volume = {401},
  Pages = {584--587},
  Year = {1999}
}

@article{Kruger98,
  Author = {Norbert Kr{\"u}ger},
  Title = {Collinearity and Parallelism are Statistically Significant Second Order Relations of Complex Cell Responses},
  Journal = {Neural Processing Letters},
  Volume = {8},
  Number = {2},
  Pages = {117--129},
  Year = {1998}
}

@incollection{PosnerC84,
  Author = {Posner, M. I. and Cohen, Y.},
  Title = {Components of visual orienting},
  BookTitle = {Attention and Performance X: Control of language processes},
  Editor = {Bouma, Herman and Bouwhuis, Don G.},
  Publisher = {Erlbaum},
  Volume = {531--556},
  Year = {1984}
}

@article{Klein88,
  Author = {Klein, R. M.},
  Title = {Inhibitory tagging system facilitates visual search},
  Journal = {Nature},
  Volume = {334},
  Pages = {430--431},
  Year = {1988}
}

@article{Tipper91,
  Author = {Tipper, S. P.},
  Title = {Object-centred inhibition of return of visual attention},
  Journal = {Quarterly Journal of Experimental Psychology},
  Volume = {43A},
  Pages = {289--298},
  Year = {1991}
}

@article{AbramsD94,
  Author = {Abrams, R.A. and Dobkin, R.S.},
  Title = {Inhibition of return: effects of attentional cuing on eye movement latencies},
  Journal = {Journal of Experimental Psychology: Human Perception and Performance},
  Volume = {20},
  Number = {3},
  Pages = {467--477},
  Year = {1994}
}

@article{GibsonE94,
  Author = {Gibson, B. S. and Egeth, H.},
  Title = {Inhibition of return to object-based and environment-based locations},
  Journal = {Perception and Psychophysics},
  Volume = {55},
  Number = {3},
  Pages = {323--339},
  Year = {1994}
}

@article{Tipper94,
  Author = {Tipper, S. P.},
  Title = {Object-based and environment-based inhibition of return of visual attention},
  Journal = {Journal of Experimental Psychology: Human Perception and Performance},
  Volume = {20},
  Number = {3},
  Pages = {478--499},
  Year = {1994}
}

@article{Wertheimer23,
  Author = {Wertheimer, M.},
  Title = {Untersuchungen zur Lehre von Gestalt},
  Journal = {Psycholgishe Furschung},
  Volume = {4},
  Pages = {301--350},
  Year = {1923}
}

@phdthesis{Natale04,
   Author = {Natale, L.},
   Title = {Linking action to perception in a humanoid robot: a developmental approach to grasping},
   School = {University Of Genoa},
   Type = {PhD},
   Year = {2004}
}

@article{TarrB98,
  author = {Michael J. Tarr and Hienrich H. B\"ulthoff},
  title = {Image-based object recognition in man, monkey and machine},
  journal = {Cognition},
  Volume = {67},
  year = {1998},
  pages = {1--20},
}

@inproceedings{Lowe99,
  author = {David G. Lowe},
  title = {Object Recognition from Local Scale-Invariant Features},
  booktitle = {Proceedings of the International Conference on Computer Vision ({ICCV})},
  volume = {2},
  year = {1999},
  pages = {1150--1157},
  publisher = {IEEE Computer Society},
  address = {Washington, DC, USA},
}

@inproceedings{SerreWP05,
  author = {Thomas Serre and Lior Wolf and Tomaso Poggio},
  title = {Object Recognition with Features Inspired by Visual Cortex},
  booktitle = {Proceedings of the 2005 IEEE Computer Society Conference on Computer Vision and Pattern Recognition (CVPR'05) - Volume 2},
  year = {2005},
  pages = {994--1000},
  publisher = {IEEE Computer Society},
  address = {Washington, DC, USA},
}

@article{RiesenhuberP99,
  author = {M. Riesenhuber and T. Poggio},
  title = {Hierarchical models of object recognition in cortex},
  journal = {Nature Neuroscience},
  year = {1999},
  volume = {2},
  number = {11},
  pages = {1019--1025}
}

@article{Fukushima80,
	author = {K. Fukushima},
	title = {Neocognitron: A self-organizing neural network model for a mechanism of pattern recognition unaffected by shift in position},
	year  ={1980},
	journal = {Biological Cybernetics},
	volume = {36},
	number = {4},
	pages = {193--202}
}

@article{LecunBBH98,
	author = {Lecun, Y.  and Bottou, L.  and Bengio, Y.  and Haffner, P. },
	journal = {Proceedings of the IEEE},
	month = {November},
	number = {11},
	pages = {2278--2324},
	title = {Gradient-Based Learning Applied to Document Recognition},
	volume = {86},
	year = {1998}
}

@inproceedings{MutchL06,
  author = {Jim Mutch and David G. Lowe},
  title = {Multiclass Object Recognition with Sparse, Localized Features},
  booktitle = {Proceedings of the 2006 IEEE Computer Society Conference on Computer Vision and Pattern Recognition (CVPR'05) - Volume 2},
  year = {2006},
  pages = {11--18},
  publisher = {IEEE Computer Society},
  address = {Washington, DC, USA},
}

@article{LamplFPR04,
	author = {I. Lampl and D. Ferster and T. Poggio and M. Riesenhuber},
	journal = {Journal of Neurophysiology},
	month = {November},
	pages = {2704--2713},
	title = {Intracellular measurements of spatial integration and the MAX operation in complex cells of the cat primary visual cortex},
	volume = {92},
	number = {5},
	year = {2004}
}

@book{Behnke03,
  author    = {Sven Behnke},
  title     = {Hierarchical Neural Networks for Image Interpretation},
  publisher = {Springer},
  series    = {Lecture Notes in Computer Science},
  volume    = {2766},
  year      = {2003}
}

@article{WaltherK06,
	author = {Dirk Walther and Christof Koch},
	journal = {Neural Networks},
	pages = {1395--1407},
	title = {Modeling attention to salient proto-objects},
	volume = {19},
	year = {2006}
}

@inproceedings{NowakJT06,
  AUTHOR = {Nowak, E. and Jurie, F. and Triggs, B.},
  TITLE = {Sampling Strategies for Bag-of-Features Image Classification},
  BOOKTITLE = {ECCV06},
  YEAR = {2006},
  PAGES = {IV: 490--503}
}

@Article{BreazealEFS01, 
  author =       {C. Breazeal and A. Edsinger and P. Fitzpatrick and B. Scassellati}, 
  title =        {Active vision for sociable robots}, 
  journal =      {IEEE Transactions on Systems, Man and Cybernetics, Part A}, 
  volume =       {31}, 
  year =         {2001}, 
  number =       {5}, 
  pages =        {443--453}
} 

@inproceedings{MladenicBGM04,
  AUTHOR = {D. Mladeni\'c and J. Brank and M. Grobelnik and N.Milic-Frayling},
  TITLE = {Feature selection using linear classifier weights: Interaction with classification models},
  BOOKTITLE = {In The 27th Annual International ACM SIGIR Conference (SIGIR 2004)},
  month = {July},
  YEAR = {2004},
  location = {Sheffield, United Kingdom},
  PAGES = {234--241}
}

@Article{Rensink00a,
  author =       {Rensink, R. A.}, 
  title =        {Seeing, sensing, and scrutinizing}, 
  journal =      {Vision Research}, 
  volume =       {40}, 
  year =         {2000}, 
  number =       {10--12}, 
  pages =        {1469--1487}
} 

@Article{Rensink00b,
  author =       {Rensink, R. A.}, 
  title =        {The dynamic representation of scenes},
  journal =      {Visual Cognition}, 
  volume =       {7}, 
  year =         {2000}, 
  number =       {1/2/3}, 
  pages =        {17--42}
}

@Article{RensinkORC97,
  author =       {Rensink, R. A. and O'Regan, J. K. and Clark, J. J.}, 
  title =        {To see or not to see: The need for attention to perceive changes in scenes},
  journal =      {Psychological Science},
  volume =       {8},
  number =       {5},
  year =         {1997}, 
  pages =        {368--373}
}

@inproceedings{Brooks91,
  AUTHOR = {R. A. Brooks},
  TITLE = {Intelligence without reason},
  BOOKTITLE = {In Proc. of the 1991 International Joint Conference on Artificial Intelligence},
  YEAR = {1991},
  PAGES = {569--595}
}

@Article{ORegan92,
  author =       {J.K. O'Regan}, 
  title =        {Solving the ``real'' mysteries of visual perception: the world as an outside memory},
  journal =      {Canadian Journal of Psychology},
  volume =       {46},
  year =         {1992}, 
  pages =        {461--488}
}

@article{LiS06,
  author = {Mingkun Li and Fellow-Ishwar K. Sethi},
  title = {Confidence-Based Active Learning},
  journal = {IEEE Trans. Pattern Anal. Mach. Intell.},
  volume = {28},
  number = {8},
  year = {2006},
  pages = {1251--1261},
  publisher = {IEEE Computer Society},
  address = {Washington, DC, USA},
}


@InCollection{Johnson05,
	author = {Johnson, S. P.},
	title = {Building knowledge from perception in infancy},
	booktitle = {Building object categories in developmental time},
	year = {2005},
	pages = {33--62},
	publisher = {Erlbaum},
	editor = {L. Gershkoff-Stowe and D. Rakison}
}

@book{Hofstadter99,
	author = {Hofstadter, Douglas  R. },
	month = {January},
	publisher = {{Basic Books}},
	title = {G\"odel, Escher, Bach: An Eternal Golden Braid},
	year = {1999}
}

@article{GrafWBS06,
  author = {A. B. A. Graf and F. A. Wichmann and H. H. B\"ulthoff and B. Sch\"olkopf},
  title = {Classification of Faces in Man and Machine},
  journal = {Neural Computation},
  volume = {18},
  year = {2006},
  pages = {143--165}
}

@inproceedings{BurgesS96,
  author    = {Christopher J. C. Burges and Bernhard Sch{\"o}lkopf},
  title     = {Improving the Accuracy and Speed of Support Vector Machines},
  booktitle = {Advances in Neural Information Processing Systems},
  year      = {1996},
  pages     = {375--381}
}

@article{BuccigrossiS99,
  TITLE=        {Image Compression via Joint Statistical Characterization in the Wavelet Domain},
  AUTHOR=       {R. W. Buccigrossi and E. P. Simoncelli},
  JOURNAL=      {IEEE Transactions on Image Processing},
  VOLUME=       {8},
  NUMBER=       {12},
  MONTH=        {December},
  PAGES=        {1688--1701},
  YEAR=         {1999}
}

@article{Fitzpatrick03,
  TITLE=        {Grounding Vision Through Experimental Manipulation},
  AUTHOR=       {P. Fitzpatrick and G. Metta},
  JOURNAL=      {Philosophical Transactions of the Royal Society: Mathematical, Physical and Engineering Sciences},
  VOLUME=       {361},
  NUMBER=       {1811},
  PAGES=        {2615--2185},
  YEAR=         {2003}
}

@article{PoggioS03,
  TITLE=        {The Mathematics of Learning: Dealing with Data},
  AUTHOR=       {Tomaso Poggio and Steve Smale},
  JOURNAL=      {Notices of the American Mathematical Society},
  VOLUME=       {50},
  NUMBER=       {5},
  PAGES=        {537--544},
  YEAR=         {2003}
}

@inproceedings{FidlerBL06,
  author = {Sanja Fidler and Gregor Berginc and Ale\v{s} Leonardis},
  title = {Hierarchical Statistical Learning of Generic Parts of Object Structure},
  booktitle = {Proceedings of the IEEE Conference on Computer Vision and Pattern Recognition ({CVPR'06})},
  year = {2006},
  month = {June},
  pages = {182--189},
  publisher = {IEEE Computer Society},
  address = {Washington, DC, USA},
}

@Article{Schwartz1977,
  author =       {Schwartz, Eric L.},
  title =        {Spatial mapping in the primate sensory projection:
                  analytic structure and relevance to perception},
  journal =      {Biological Cybernetics},
  year =         1977,
  volume =       25,
  number =       4,
  pages =        {181--194},
}

@book{Yarbus67,
  author    = {A. L. Yarbus},
  title     = {Eye movements and vision},
  publisher = {Plenum Press},
  ADDRESS   = {New York},
  year      = {1967}
}

@Article{MylersWorsleyJS88,
  author =       {Mylers-Worsley, M. and Johnston, W.A. and Simons, M.A.},
  title =        {The influence of expertise on X-ray image processing},
  journal =      {Journal of Experimental Psychology: Learning, Memory and Cognition},
  year =         {1988},
  volume =       14,
  pages =        {553--557},
}

@Article{YantisJ84,
  author =       {Yantis, S. and Jonides, J.},
  title =        {Abrupt visual onsets and selective attention: Evidence from visual search},
  journal =      {Journal of Experimental Psychology: Human Perception and Performance},
  year =         {1984},
  volume =       10,
  pages =        {601--621},
}

@InCollection{HyvarinenHO01,
  author =       {A. Hyv\"{a}rinen and P. O. Hoyer and E. Oja},
  title =        {Image denoising by sparse code shrinkage.},
  booktitle =    {Intelligent Signal Processing},
  year =         {2001}, 
  editor =       {S. Haykin and B. Kosko},
  publisher =   {IEEE Press}
}

@Article{FadigaFGR00,
  author =       {Fadiga, L. and Fogassi, L. and Gallese, V. and Rizzolatti, G.},
  title =        {Visuomotor neurons: ambiguity of the discharge or 'motor' perception?},
  journal =      {Internation Journal of Psychophysiology},
  year =         {2000},
  volume =       {35},
  number =       {2--3},
  pages =        {165--177}
}

@Article{FischerH04,
  author =       {Fischer, M. H. and Hoellen, N.},
  title =        {Space- and object-based attention depend on motor intention},
  journal =      {The Journal of General Psychology},
  year =         {2004},
  volume =       {131},
  pages =        {365--378}
}

@inproceedings{SandiniQSM00,
  author = {G. Sandini and P. Questa and D. Scheffer and A. Mannucci},
  title = {A Retina-like CMOS sensor and its applications},
  booktitle = {Proceedings of the IEEE Sensor Array and Multichannel Signal Processing Workshop ({SAM 2000})},
  year = {2000},
  month = {March},
  address = {Cambridge, USA},
}

@book{DudaHS00,
	author = {Duda, Richard  O.  and Hart, Peter  E.  and Stork, David  G. },
	month = {November},
	publisher = {Wiley-Interscience},
	title = {Pattern Classification (2nd Edition)},
	year = {2000}
}

@Article{HungKPD05,
  author =       {Hung, C.P. and G. Kreiman and T. Poggio and J.J. DiCarlo},
  title =        {Fast Readout of Object Identity from Macaque Inferior Temporal Cortex},
  journal =      {Science},
  year =         {2005},
  volume =       {310},
  pages =        {863--866}
}


@book{Leventhal91,
	author = {A.G. Leventhal},
	publisher = {CRC Press},
	title = {The Neural Basis of Visual Function: Vision and Visual Dysfunction, vol. 4},
	year = {1991}
}

@Article{PalmerR94,
  author =       {S. Palmer and I. Rock},
  title =        {Rethinking perceptual organization: the role of uniform connectedness},
  journal =      {Psychonomic Bulletin \& Review},
  year =         {1994},
  volume =       {1},
  number =       {1},
  pages =        {29--55}
}

@TechReport{Joachims99,
	author = {T. Joachims},
	title  ={Estimating the generalization performance of a SVM efficiently},
	year = {1999},
	note = {LS VIII-Report 25},
	institution = {Universit\"at Dortmund},
	address = {Germany}	
}

@inProceedings{GrandvaletMB03,
	author = {Yves Grandvalet and Johnny Mari\'ethoz and Samy Bengio},
	booktitle = {Advances in Neural Information Processing Systems},
	title  = {A Probabilistic Interpretation of SVMs with an Application to Unbalanced Classification},
	year = {2003},
}

@TechReport{BengioDLR05,
	author = {Yoshua Bengio and Olivier Delalleau and Nicolas Le Roux},
	title  ={The Curse of Dimensionality for Local Kernel Machines},
	year = {2005},
	institution = {Dept. IRO, Universit\'e de Montr\'eal}
}

@inproceedings{RasmussenQC05,
  author = {Carl Edward Rasmussen and Joaquin Qui{\ n}onero-Candela},
  title = {Healing the relevance vector machine through augmentation},
  booktitle = {ICML '05: Proceedings of the 22nd international conference on Machine learning},
  year = {2005},
  pages = {689--696},
  location = {Bonn, Germany},
  publisher = {ACM Press},
  address = {New York, NY, USA},
}

@Book{RasmussenW06,
  author =	{Carl Edward Rasmussen and Christopher K. I. Williams},
  title =	{Gaussian Processes for Machine Learning},
  publisher =	{MIT press},
  year = 	{2006},
}

@Article{EvgeniouPP00,
	author = {Evgeniou, T. and Pontil, M. and Poggio, T.},
	title = {Regularization networks and support vector machines},
	year  = {2000},
	journal = {Advances in Computational Mathematics},
	volume = 13,
	number = 1,
	pages = {1--50}
}

@article{RifkinK04,
  author = {Ryan Rifkin and Aldebaro Klautau},
  title = {In Defense of One-Vs-All Classification},
  journal = {J. Mach. Learn. Res.},
  volume = {5},
  year = {2004},
  pages = {101--141},
  publisher = {MIT Press},
  address = {Cambridge, MA, USA},
}

@article{HsuL02,
	author = {Hsu, Chih-Wei   and Lin, Chih-Jen  },
	journal = {Neural Networks, IEEE Transactions on},
	number = {2},
	pages = {415--425},
	title = {A comparison of methods for multiclass support vector machines},
	volume = {13},
	year = {2002}
}

@inproceedings{NguyenH05,
  author = {DucDung Nguyen and TuBao Ho},
  title = {An efficient method for simplifying support vector machines},
  booktitle = {ICML '05: Proceedings of the 22nd international conference on Machine learning},
  year = {2005},
  pages = {617--624},
  location = {Bonn, Germany},
  publisher = {ACM Press},
  address = {New York, NY, USA},
}

@Book{SmolaS02,
  author =	{A. Smola and B. Sch\"olkopf},
  title =	{Learning with Kernels},
  publisher =	{MIT press},
  address =	{Cambridge, MA, USA},
  year = 	{2002}
}

@Article{LiuSD05,
	author = {Y. Liu and X. Shen and H. Doss},
	title = {Multicategory $\psi$-learning and support vector machine: Computational tools},
	year  ={2005},
	journal = {Journal of Computational \& Graphical Statistics},
	volume = {14},
	number = {1},
	pages = {219--236}
}

@article{Demsar06,
	author = {Dem\v{s}ar, Janez},
	journal = {Journal of Machine Learning Research},
	month = {January},
	pages = {1--30},
	title = {Statistical Comparisons of Classifiers over Multiple Data Sets},
	volume = {7},
	year = {2006}
}

@Article{KivinenSW04,
	author = {Kivinen, J.  and Smola, A.  and Williamson, R. },
	title = {Online Learning with kernels},
	journal = {IEEE Trans. on Signal Processing},
	volume = {52},
	number = {8},
	pages = {2165--2176},
	year = {2004}
}

@InProceedings{WestonBB05,
  title ={Online (and Offline) on an Even Tighter Budget},
  pages = {413--420},
  author = {J. Weston and A. Bordes and L. Bottou},
  booktitle = {Proc. of {AISTATS} 2005},
  editor = {Robert G. Cowell and Zoubin Ghahramani},
  year = {2005},
}

@InProceedings{ChengVSWC07,
 title = {Implicit Online Learning with Kernels},
 author = {L. Cheng and S. V. N. Vishwanathan and D. Schuurmans and S. Wang and T.  Caelli},
 booktitle = {Advances in Neural Information Processing Systems 19},
 pages = {249--256},
 year = {2007}
}

@book{Herbrich01,
	author = {Herbrich, Ralf  },
	howpublished = {Hardcover},
	isbn = {026208306X},
	month = {December},
	publisher = {{The MIT Press}},
	title = {Learning Kernel Classifiers: Theory and Algorithms (Adaptive Computation and Machine Learning)},
	year = {2001}
}

@TechReport{Ratsch05,
	author = {G. R\"atsch},
	title  ={Benchmark repository},
	year = {2005},
	institution = {Intelligent Data Analysis Group, Fraunhofer-FIRST},
	note   = "Available at \url{http://ida.first.fraunhofer.de/~raetsch}"
}

@InCollection{RifkinYP03,
  author = {R. Rifkin and G. Yeo and T. Poggio},
  editor =    {J. A. K. Suykens and G. Horvath and S. Basu and C. Micchelli and J. Vandewalle},
  title = {Regularized least-squares classification},
  publisher =    {VIOS Press},
  year =         {2003},
  pages =     {131--154},
  booktitle =    {Advances in Learning Theory: Methods, Models and Applications},
  series    = {NATO Science Series III: Computer and Systems Sciences},
}

@incollection{Platt99,
  author = {J. C. Platt},
  title = {Fast training of support vector machines using sequential minimal optimization},
  booktitle = {Advances in kernel methods -- support vector learning},
  year = {1999},
  pages = {185--208},
  publisher = {MIT Press},
  address = {Cambridge, MA, USA},
  editor = {B. Sch\"{o}lkopf and C. Burges and A. Smola}
}

@article{FineS02,
  author = {S. Fine and K. Scheinberg},
  title = {Efficient {SVM} training using low-rank kernel representations},
  journal = {Journal of Machine Learning Research},
  volume = {2},
  year = {2002},
  pages = {243--264},
  publisher = {MIT Press},
  address = {Cambridge, MA, USA},
}

@article{MaTP03,
 author = {Junshui Ma and James Theiler and Simon Perkins},
 title = {Accurate on-line support vector regression},
 journal = {Neural Computation},
 volume = {15},
 number = {11},
 year = {2003},
 pages = {2683--2703},
 publisher = {MIT Press},
 address = {Cambridge, MA, USA},
}

@article{Shalev-ShwartzS07,
 author = {S. Shalev-Shwartz and Y. Singer},
 title = {A Primal-Dual Perspective of Online Learning Algorithms},
 journal = {Machine Learning Journal},
 year = {2007}
}

@inproceedings{Shalev-ShwartzS05,
  author    = {S. Shalev-Shwartz and Y. Singer},
  title     = {A New Perspective on an Old Perceptron Algorithm},
  booktitle = {Proc. of the 18th Conference on Learning Theory},
  year      = {2005},
  pages     = {264--278}
}

@article{Cesa-BianchiCG04,
	author = {N. Cesa-Bianchi and A. Conconi and Gentile, C. },
	journal = {IEEE Trans. on Information Theory},
	number = {9},
	pages = {2050--2057},
	title = {On the generalization ability of on-line learning algorithms},
	volume = {50},
	year = {2004}
}

@Article{DekelSSS07,
	author = {O. Dekel and S. Shalev-Shwartz and Y. Singer},
	title = {The {F}orgetron: A Kernel-Based Perceptron on a Budget},
	year  = {2007},
	journal = {SIAM Journal on Computing},
	volume = {37},
	number = {5},
	pages = {1342--1372}
}

@inproceedings{Cesa-BianchiG06,
  author = {N. Cesa-Bianchi and A. Conconi and C. Gentile},
  title     = {Tracking the best hyperplane with a simple budget {P}erceptron},
  booktitle = {Proc. of the 19th Conference on Learning Theory},
  year      = {2006},
  pages     = {483--498}
}

@Article{CrammerDKSSS06,
	author = {K. Crammer and O. Dekel and J. Keshet and S. Shalev-Shwartz and Y. Singer},
	title = {Online Passive-Aggressive Algorithms},
	year  = {2006},
	journal = {Journal of Machine Learning Research},
	volume = {7},
	pages = {551--585}
}

@Inproceedings{OrabonaCCLS07,
	author    = {F. Orabona and C. Castellini and B. Caputo and J. Luo and G. Sandini},
	title     = {Indoor Place Recognition using Online Independent Support Vector Machines},
	year      = {2007},
	booktitle = {Proc. of the British Machine Vision Conference 2007},
	pages     = {1090--1099}
}

@article{Rosenblatt58,
	Author = {F. Rosenblatt},
	Comment = {Classic article introducing the perceptron model},
	Journal = {Psychological Review},
	Pages = {386--407},
	Title = {The {P}erceptron: A Probabilistic Model for Information Storage and Organization in the Brain},
	Volume = 65,
	Year = 1958
}

@inproceedings{DekelShSi05a,
	Author = {O. Dekel and S. Shalev-Shwartz and Y. Singer},
	Booktitle = {Advances in Neural Information Processing Systems 18},
	Title = {The {F}orgetron: {A} Kernel-Based Perceptron on a Fixed Budget},
	Year = 2005
}

@inproceedings{ScholkopfHeSmWi00,
 author = {B. Sch\"olkopf and R. Herbrich and A. J. Smola},
 title = {A Generalized Representer Theorem},
 booktitle = {Proc. of the 14th Conference on Computational Learning Theory},
 year = {2001},
 pages = {416--426},
 publisher = {Springer-Verlag},
 address = {London, UK},
}

@inproceedings{CrammerKS00,
	Author = {K. Crammer and J. Kandola and Y. Singer},
	Booktitle = {Advances in Neural Information Processing Systems 16},
	Title = {Online classification on a budget},
	Year = 2003
}

@inproceedings{DekelS05,
	Author = {O. Dekel and Y. Singer},
	Booktitle = {Advances in Neural Information Processing Systems 18},
	Title = {Data-Driven Online to Batch Conversions},
	Year = 2005
}

@inproceedings{LuoPCJ07,
  AUTHOR    = {Jie Luo and Andrzej Pronobis and Barbara Caputo and Patric Jensfelt},
  TITLE     = {Incremental Learning for Place Recognition in Dynamic Environments},
  BOOKTITLE = {IEEE/RSJ Intl. Conf. on Intelligent Robots and Systems (IROS07)},
  YEAR      = {2007},
  ADDRESS   = {San Diego, California},
  MONTH     = {October},
}

@article{Gentile01,
        Author = {C. Gentile},
        Journal = {Journal of Machine Learning Research},
        Pages = {213--242},
        Title = {A New Approximate Maximal Margin Classification Algorithm},
        Volume = 2,
        Year = 2001
}

@article{VishwanathanSS06,
 author = {S. V.N. Vishwanathan and Nicol N. Schraudolph and Alex J. Smola},
 title = {Step Size Adaptation in Reproducing Kernel Hilbert Space},
 journal = {J. Mach. Learn. Res.},
 volume = {7},
 year = {2006},
 pages = {1107--1133},
 publisher = {MIT Press},
 address = {Cambridge, MA, USA}
}

@book{CuckerZ07,
 author = {F. Cucker and D. X. Zhou},
 title = {Learning Theory: An Approximation Theory Viewpoint},
 year = {2007},
 publisher = {Cambridge University Press},
 address = {New York, NY, USA}
}

@article{Gentile03,
 author = {C. Gentile},
 title = {The Robustness of the p-Norm Algorithms},
 journal = {Machine Learning},
 volume = {53},
 number = {3},
 year = {2003},
 pages = {265--299},
}
 
@article{FreundSh99,
    author = {Y. Freund and R. E. Schapire},
    title = {Large margin classification using the {P}erceptron algorithm},
    journal = {Machine Learning},
    year = {1999},
    pages = {277--296}
}

@article{CrammerSi03,
    author = {K. Crammer and Y. Singer},
    title = {Ultraconservative online algorithms for multiclass problems},
    journal = {Journal of Machine Learning Research},
    year = {2003},
    volume = {3},
    pages = {951--991}
}

@article{Cesa-BianchiCG05,
	author = {N. Cesa-Bianchi and A. Conconi and C. Gentile},
	title = {A second-order {Perceptron} algorithm},
	journal = {SIAM Journal on Computing}, 
	volume = {34},
	number = 3,
	pages = {640--668}, 
	year = 2005
}

@TECHREPORT{LemelKaSe86,
  author =       {L. Lemel and R. Kassel and S. Seneff},
  title =        {Speech database development: Design and analysis },
  institution =  {Proc. {DARPA} Speech Recognition Workshop},
  year =         {1986},
  type =         {Report no.},
  number =       {SAIC-86/1546},
}

@InProceedings{Collins00,
    author = "M. Collins",
    title = "Discriminative Reranking for Natural Language Parsing",
    booktitle = {Proc. of the 17th International Conference on Machine Learning},
    year = 2000,
    pages = {175--182}
} 

@inproceedings{TaskarGuKo03,
  author = "B. Taskar and C. Guestrin and D. Koller",
  title = "Max-Margin {Markov} Networks",
  booktitle = {Advances in Neural Information Processing Systems 17},
  year = 2003
}

@inproceedings{TsochantaridisHoJoAl04,
   author = {I. Tsochantaridis and T. Hofmann and T. Joachims and Y. Altun},
   title  = {Support Vector Machine Learning for Interdependent and Structured Output Spaces},
   booktitle = {Proc. of the 21st International Conference on Machine Learning},
   year =  {2004},
   pages = {823--830}
}

@inproceedings{LangfordLZ08,
   author = {J. Langford and L. Li and T. Zhang},
   title  = {Sparse Online Learning via Truncated Gradient},
   booktitle = {Advances in Neural Information Processing Systems 21},
   year =  {2008},
   pages = {905--912}
}
 
@techreport{Prokhorov01,
 author = {D. Prokhorov},
 title = {{IJCNN} 2001 neural network competition},
 year = {2001}
}

@ARTICLE{KeerthiDJ05,
    author = {S. S. Keerthi and D. Decoste and T. Joachims},
    title = {A modified finite newton method for fast solution of large scale linear svms},
    journal = {Journal of Machine Learning Research},
    year = {2005},
    volume = {6},
    pages = {2005}
}

@ARTICLE{DuarteH04,
    author = {M. F. Duarte and Y. H. Hu},
    title = {Vehicle Classification in Distributed Sensor Networks},
    journal = {Journal of Parallel and Distributed Computing},
    year = {2004},
    volume = {64},
    pages = {826--838}
}

@article{Hull94,
 author = {J. J. Hull},
 title = {A Database for Handwritten Text Recognition Research},
 journal ={IEEE Transactions on Pattern Analysis and Machine Intelligence},
 volume = {16},
 number = {5},
 year = {1994},
 pages = {550--554},
 publisher = {IEEE Computer Society},
 address = {Los Alamitos, CA, USA},
}

@Manual{Orabona09,
 author = {F. Orabona},
 title  = {{DOGMA}: a {MATLAB} toolbox for Online Learning},
 year   = {2009},
 note   = {Software available at \url{http://dogma.sourceforge.net}}
}

@inproceedings{DoLCS09,
 author = {Do, C. B. and Le, Q. V. and Foo, Chuan-Sheng},
 title = {Proximal regularization for online and batch learning},
 booktitle = {Proc. of the 26th International Conference on Machine Learning},
 year = {2009},
 pages = {257--264},
}

@techreport{KakadeSST09,
  AUTHOR = {S. Kakade and S. Shalev-Shwartz and A. Tewari},
  TITLE  = {On the duality of strong convexity and strong smoothness: Learning applications and matrix regularization},
  YEAR   = {2009},
  INSTITUTION = {TTI},
  NOTE   = "http://www.cs.huji.ac.il/~shais/papers/KakadeShalevTewari09.pdf"
}

@inproceedings{BachLJ04,
    author = {F. R. Bach and G. R. G. Lanckriet and M. I. Jordan},
    booktitle = {Proc. of the 21st International Conference on Machine Learning},
    title = {Multiple kernel learning, conic duality, and the {SMO} algorithm},
    year = {2004}
}

@techreport{Shalev-ShwartzS07b,
  AUTHOR = {S. Shalev-Shwartz and Y. Singer},
  TITLE  = {Logarithmic Regret Algorithms for Strongly Convex Repeated Games},
  YEAR   = {2007},
  INSTITUTION = {The Hebrew University},
}

@inproceedings{Gehler09,
    author = {P. Gehler and S. Nowozin},
    booktitle = {Proc. of the 12th International Conference on Computer Vision},
    title = {On Feature Combination for Multiclass Object Classiﬁcation},
    year = {2009}
}

@inproceedings{ZienO07,
 author = {A. Zien and C. S. Ong},
 title = {Multiclass Multiple Kernel Learning},
 booktitle = {Proc. of the 24th International Conference on Machine Learning},
 year = {2007},
}

@inproceedings{NilsbackC04,
 title     = {Cue Integration through Discriminative Accumulation},
 author    = {M. E. Nilsback and B. Caputo},
 booktitle = {Proc. of the International conference on Computer Vision and Pattern Recognition},
 year      = {2004},
 pages     = {578--585},
 volume    = {2}
}

@inproceedings{Shalev-ShwartzSS07,
 author = {S. Shalev-Shwartz and Y. Singer and N. Srebro},
 title = {Pegasos: {Primal} {Estimated} {sub-GrAdient} {SOlver} for {SVM}},
 booktitle = {Proc. of the 24th international conference on Machine learning},
 year = {2007},
 pages = {807--814},
}

@article{Polikar06,
  author   = {R. Polikar},
  title    = {Ensemble Based Systems in Decision Making},
  journal  = {IEEE Circuits and Systems Magazine},
  volume   = {6},
  number   = {3},
  year     = {2006},
  pages    = {21--45}
}

@article{Wolpert92,
  author   = {D.H. Wolpert},
  title    = {Stacked generalization},
  journal  = {Neural Networks},
  volume   = {5},
  number   = {2},
  year     = {1992},
  pages    = {241--259}
}

@inproceedings{Shalev-ShwartzS08,
 author = {Shalev-Shwartz, Shai and Srebro, Nathan},
 title = {{SVM} optimization: inverse dependence on training set size},
 booktitle = {Proc. of the 25th international conference on Machine learning},
 year = {2008},
 pages = {928--935},
 }

@article{RakotomamonjyBCG08,
 author = {Rakotomamonjy, Alain and Bach, Francis R. and Canu, S. and Grandvalet, Yves},
 journal = {Journal of Machine Learning Research},
 month = {November},
 pages = {2491--2521},
 title = {{SimpleMKL}},
 volume = {9},
 year = {2008}
}

@article{SonnenburgRSS2006,
    author = {Sonnenburg, S\"{o}ren and R\"{a}tsch, Gunnar and Sch\"{a}fer, Christin and Sch\"{o}lkopf, Bernhard},
    journal = {Journal of Machine Learning Research},
    title = {Large scale multiple kernel learning},
    volume = {7},
    year = {2006}
}

@article{LanckrietCBG04,
 author = {Lanckriet, Gert and Cristianini, Nello and Bartlett, Peter and Ghaoui, Laurent E.},
 journal = {Journal of Machine Learning Research},
 pages = {27--72},
 title = {Learning the kernel matrix with semidefinite programming},
 volume = {5},
 year = {2004}
}

@inproceedings{VarmaR07,
    author = {Varma, M. and Ray, D.},
    booktitle = {Proc. of the 11th International Conference on Computer Vision},
    pages = {1--8},
    title = {Learning The Discriminative Power-Invariance Trade-Off},
    year = {2007}
}

@techreport{Shalev-Shwartz07,
  AUTHOR = {S. Shalev-Shwartz},
  TITLE  = {Online Learning: Theory, Algorithms, and Applications},
  YEAR   = {2007},
  INSTITUTION = {The Hebrew University},
  NOTE = {PhD thesis}
}

@article{CrammerKD09,
  title={Adaptive regularization of weight vectors},
  author={Crammer, K. and Kulesza, A. and Dredze, M.},
  journal={Advances in Neural Information Processing Systems},
  volume={23},
  year={2009}
}

@article{CrammerDP08a,
  title={{Online Confidence-Weighted learning}},
  author={Dredze, M. and Crammer, K. and  Pereira, F.},
  journal={Proceedings of the 25th International Conference on Machine Learning},
  year=2008
}

@article{CrammerDP08,
  title={{Exact Convex Confidence-Weighted learning}},
  author={Crammer, K. and  Dredze, M. and Pereira, F.},
  journal={Advances in Neural Information Processing Systems},
  volume=22,
  year=2008
}

@article{Cesa-BianchiFHHSW97,
 author = {Cesa-Bianchi, N. and Freund, Y. and Haussler, D. and Helmbold, D. P. and Schapire, R. E. and Warmuth, M. K.},
 title = {How to use expert advice},
 journal = {J. ACM},
 volume = {44},
 number = {3},
 year = {1997},
 pages = {427--485},
 publisher = {ACM},
 address = {New York, NY, USA},
}

@techreport{DuchiHS10,
  AUTHOR = {J. Duchi and E. Hazan and Y. Singer},
  TITLE  = {Adaptive subgradient methods for online learning and stochastic optimization},
  YEAR   = {2010},
  INSTITUTION = {UC Berkeley Electrical Engineering and Computer Science},
  NUMBER = {2010-24},
  NOTE   = "Available at \url{http://cs.berkeley.edu/~jduchi/projects/DuchiHaSi10.pdf}"
}

@article{DuchiHS11,
  author    = {J. C. Duchi and
               E. Hazan and
               Y. Singer},
  title     = {Adaptive Subgradient Methods for Online Learning and Stochastic
               Optimization},
  journal   = {Journal of Machine Learning Research},
  volume    = {12},
  year      = {2011},
  pages     = {2121--2159},
}

@book{Cesa-BianchiL06,
  author    = {Cesa-Bianchi, N.  and Lugosi, G. },
  title     = {Prediction, learning, and games},
  publisher = {Cambridge University Press},
  year      = {2006},
}

@techreport{RakhlinT08,
  author = {A. Rakhlin and A. Tewari},
  title  = {Lecture notes on online learning},
  year   = {2008},
  note  = {Available at \url{http://www-stat.wharton.upenn.edu/~rakhlin/papers/online_learning.pdf}}
}

@incollection{Xiao09,
 title = {Dual Averaging Method for Regularized Stochastic Learning and Online Optimization},
 author = {L. Xiao},
 booktitle = {Advances in Neural Information Processing Systems 22},
 pages = {2116--2124},
 year = {2009}
}


@inproceedings{HazanK08,
  author    = {E.~Hazan and
               S.~Kale},
  title     = {Extracting Certainty from Uncertainty: Regret Bounded by
               Variation in Costs},
  booktitle = {Proc. of the 21st Conference on Learning Theory},
  year      = {2008}
}

@article{KivinenWH06,
  author    = {J. Kivinen and
               M. K. Warmuth and
               B. Hassibi},
  title     = {The p-norm generalization of the {LMS} algorithm for adaptive
               filtering},
  journal   = {IEEE Transactions on Signal Processing},
  volume    = {54},
  number    = {5},
  year      = {2006},
  pages     = {1782--1793},
}

@inproceedings{DekelGS2010,
    author = {Dekel, O. and Gentile, C. and Sridharan, K.},
    publisher = {MIT Press},
    title = {Robust Selective Sampling from Single and Multiple Teachers},
    year = {2010},
    booktitle = {Proc. of the 23rd International Conference on Learning Theory}
}

@article{HazanAK07,
  author    = {E. Hazan and
               A. Agarwal and
               S. Kale},
  title     = {Logarithmic regret algorithms for online convex optimization},
  journal   = {Machine Learning},
  volume    = {69},
  number    = {2-3},
  year      = {2007},
  pages     = {169--192},
}

@incollection{SrebroST10,
 title = {Smoothness, Low Noise and Fast Rates},
 author = {N. Srebro and K. Sridharan and A. Tewari},
 booktitle = {Advances in Neural Information Processing Systems 23},
 editor = {J. Lafferty and C. K. I. Williams and J. Shawe-Taylor and R. S. Zemel and A. Culotta},
 pages = {2199--2207},
 year = {2010}
}

@ARTICLE{Vovk01,
    author = {V. Vovk},
    title = {Competitive on-line statistics},
    journal = {International Statistical Review},
    pages = {213--248},
    volume = {69},
    year = {2001}
}

@inproceedings{Zeitler07,
    author = {Zeitler, G. C. and  Singer, A. C. and  Kozat, S. S.},
    title = {Universal Piecewise Linear Regression of Individual Sequences: Lower Bound},
    year = {2007},
    pages = {III-841 -- III-844},
    booktitle = {Proc. of the IEEE International Conference on Acoustics, Speech and Signal Processing (ICASSP)}
}

@article{LihongLWS11,
   author = {L. Lihong and M. Littman and T. Walsh and A. Strehl},
   title = {Knows what it knows: a framework for self-aware learning},
   journal = {Machine Learning},
   publisher = {Springer Netherlands},
   pages = {399--443},
   volume = {82},
   issue = {3},
   year = {2011}
}

@inproceedings{AbernethyBRT08,
  author = {J. Abernethy and P. L. Bartlett and A. Rakhlin and A. Tewari},
  title = {Optimal Strategies and Minimax Lower Bounds for Online Convex Games},
  booktitle = {Proceedings of the 21st Annual Conference on Learning Theory},
  pages = {414--424},
  year = {2008},
  publisher = {Omnipress},
}

@incollection{HazanK09,
 title = {On Stochastic and Worst-case Models for Investing},
 author = {E. Hazan and S. Kale},
 booktitle = {Advances in Neural Information Processing Systems 22},
 editor = {Y. Bengio and D. Schuurmans and J. Lafferty and C. K. I. Williams and A. Culotta},
 pages = {709--717},
 year = {2009}
}

@article{ AW01,
	author = "K. S. Azoury and M. K. Warmuth",
	title = "Relative Loss Bounds for On-Line Density Estimation with the
	Exponential Family of Distributions",
	journal = "Machine Learning",
	year = 2001,
	volume = 43,
	number = 3,
	pages = "211--246"}

@article{AuerCG02,
  author    = {P. Auer and N. Cesa-Bianchi and C. Gentile},
  title     = {Adaptive and Self-Confident On-Line Learning Algorithms},
  journal   = {J. Comput. Syst. Sci.},
  volume    = {64},
  number    = {1},
  year      = {2002},
  pages     = {48--75},
}

@article{Zhang04,
  author = {T. Zhang},
  journal = {The Annals of Statistics},
  pages = {56-134},
  title = {Statistical behavior and consistency of classification methods based
	on convex risk minimization},
  volume = 32,
  year = 2004,
  month = {March}
}

@inproceedings{GraepelH01,
  author = {Thore Graepel and Ralf Herbrich},
  title = {From Margin to Sparsity},
  booktitle = {Neural Information Processing Systems},
  pages = {210--216},
}

@techreport{Bertsekas10,
  author = {D. P. Bertsekas},
  title = {Incremental Gradient, Subgradient, and Proximal Methods for Convex Optimization: A Survey},
  INSTITUTION = {Lab. for Information and Decision Systems Report LIDS-P-2848, MIT},
  month = {August},
  year = {2010}
}
  
@inproceedings{DuchiSST10,
  author    = {J. C. Duchi and
               S. Shalev-Shwartz and
               Y. Singer and
               A. Tewari},
  title     = {Composite Objective Mirror Descent},
  booktitle = {COLT},
  year      = {2010},
  pages     = {14--26},
}

@article{KivinenW97,
    author = {Kivinen, J. and Warmuth, M.},
    journal = {Information and Computation},
    month = jan,
    number = {1},
    pages = {1--63},
    title = {Exponentiated Gradient versus Gradient Descent for Linear Predictors},
    volume = {132},
    year = {1997}
}

@inproceedings{KulisB10,
  author    = {B. Kulis and
               P. L. Bartlett},
  title     = {Implicit Online Learning},
  booktitle = {ICML},
  year      = {2010},
  pages     = {575--582},
}

@book{Rockafellar70,
    author = {Rockafellar, R. T.},
    publisher = {Princeton University Press},
    title = {Convex Analysis (Princeton Mathematical Series)},
    year = {1970}
}

@article{KakadeSST09b,
  author    = {S. M. Kakade and
               S. Shalev-Shwartz and
               A. Tewari},
  title     = {Regularization Techniques for Learning with Matrices},
  journal   = {CoRR},
  volume    = {abs/0910.0610},
  year      = {2009}
}

@ARTICLE{McKay1989,
  author = {B. D. {McKay}},
  title = {On {Littlewood’s} estimate for the binomial distribution},
  journal = {Advanced Applied Probability},
  year = {1989},
  volume = {21},
  pages = {475--478},
}

@book{AbramowitzS64,
  address = {New York},
  author = {Abramowitz, M. and Stegun, I. A.},
  publisher = {Dover},
  title = {Handbook of Mathematical Functions with Formulas, Graphs, and Mathematical Tables},
  year = 1964
}

@article{Cesa-BianchiDFSS99,
 author = {Cesa-Bianchi, N. and Dichterman, E. and Fischer, P. and Shamir, E. and Simon, H. U.},
 title = {Sample-efficient strategies for learning in the presence of noise},
 journal = {J. ACM},
 issue_date = {Sept. 1999},
 volume = {46},
 number = {5},
 month = sep,
 year = {1999},
 pages = {684--719},
 publisher = {ACM},
 address = {New York, NY, USA},
} 

@incollection{StreeterM12,
title ={No-Regret Algorithms for Unconstrained Online Convex Optimization},
author={M. Streeter and B. McMahan},
booktitle = {Advances in Neural Information Processing Systems 25},
editor = {P. Bartlett and F.C.N. Pereira and C.J.C. Burges and L. Bottou and K.Q. Weinberger},
pages = {2411--2419},
year = {2012},
}

@book{MatousekV01,
  title={The Probabilistic Method: Lecture Notes},
  author={Matou{\v{s}}ek, J. and Vondr{\'a}k, J.},
  series={KAM-DIMATIA series},
  year={2001},
  publisher={Charles Univ.}
}

@incollection{Vovk06,
  year={2006},
  booktitle={Theory and Applications of Models of Computation},
  volume={3959},
  series={Lecture Notes in Computer Science},
  editor={Cai, Jin-Yi and Cooper, S.Barry and Li, Angsheng},
  title={On-Line Regression Competitive with Reproducing Kernel Hilbert Spaces},
  publisher={Springer Berlin Heidelberg},
  author={Vovk, V.},
  pages={452--463}
}

@incollection{OrabonaC10,
 title = {New Adaptive Algorithms for Online Classification},
 author = {F. Orabona and K. Crammer},
 booktitle = {Advances in Neural Information Processing Systems 23},
 editor = {J. Lafferty and C. K. I. Williams and J. Shawe-Taylor and R.S. Zemel and A. Culotta},
 pages = {1840--1848},
 year = {2010}
}

@article{Littlestone88,
	author = "N. Littlestone",
	title = "Learning Quickly when Irrelevant Attributes Abound: a New Linear-threshold Algorithm",
	journal = "Machine Learning",
	publisher = "Kluwer",
	volume = 2,
	number = 4,
	pages = "285--318",
	year = 1988
}

@inProceedings{WarmuthJ97,
    author = "M.K. Warmuth and A.K. Jagota",
    title = "Continuous and Discrete-Time Nonlinear Gradient Descent:
    Relative Loss Bounds and Convergence",
    booktitle = "Electronic proceedings of the 5th International Symposium
    on Artificial Intelligence and Mathematics",
    year = 1997}

@article{KivinenW01,
    author = "J. Kivinen and M.K. Warmuth",
    title = "Relative Loss Bounds for Multidimensional Regression Problems",
    journal = "Machine Learning",
    volume = 45,
    number = 3,
    pages = "301--329", 
    year = 2001,
    publisher = "Kluwer"}

@article{Shalev-Shwartz12,
  author    = {S. Shalev-Shwartz},
  title     = {Online Learning and Online Convex Optimization},
  journal   = {Foundations and Trends in Machine Learning},
  volume    = {4},
  number = {2},
  year      = {2012}
}

@inproceedings{AbernethyABR09,
  author    = {J. Abernethy and
               A. Agarwal and
               P. L. Bartlett and
               A. Rakhlin},
  title     = {A Stochastic View of Optimal Regret through Minimax Duality},
  booktitle = {COLT},
  year      = {2009},
}

@book{Nesterov2003,
  title={Introductory lectures on convex optimization: A basic course},
  author={Nesterov, Y.},
  volume={87},
  year={2003},
  publisher={Springer}
}

@inproceedings{Vovk90,
  author    = {V. G. Vovk},
  title     = {Aggregating Strategies},
  booktitle = {COLT},
  year      = {1990},
  pages     = {371--386},
}

@article{Boyd59,
    author       = {Boyd, A.V.},
    title        = {Inequalities for {Mills}' ratio.},
    journal = {Reports of Statistical Application Research (Union of Japanese Scientists and Engineers)},
    volume = {6},
    pages = {44--46},
    year         = {1959},
}

@misc{OrabonaCCB13,
Author = {F. Orabona and K. Crammer and N. Cesa-Bianchi},
Title = {A Generalized Online Mirror Descent with Applications to Classification and Regression},
Year = {2013},
note = {arXiv:1304.2994},
}


@inproceedings{Even-DarKMW07,
  author = {Even-Dar, E. and Kearns, M. and Mansour, Y. and Wortman, J.},
  booktitle = {COLT},
  editor = {Bshouty, N. H. and Gentile, C.},
  pages = {233--247},
  publisher = {Springer},
  series = {Lecture Notes in Computer Science},
  title = {Regret to the Best vs. Regret to the Average.},
  volume = 4539,
  year = 2007
}

@article{AuerCF02,
 author = {Auer, Peter and Cesa-Bianchi, Nicol\`{o} and Fischer, Paul},
 title = {Finite-time Analysis of the Multiarmed Bandit Problem},
 journal = {Mach. Learn.},
 issue_date = {May-June 2002},
 volume = {47},
 number = {2-3},
 month = may,
 year = {2002},
 pages = {235--256},
 publisher = {Kluwer Academic Publishers},
 address = {Hingham, MA, USA},
} 

@InProceedings{McMahanO14,
  author    = {McMahan, H. B. and Orabona, F.},
  title     = {Unconstrained Online Linear Learning in {Hilbert} Spaces: Minimax Algorithms and Normal Approximations},
  booktitle = {COLT},
  year      = {2014}
}

@article{hoorfar2008inequalities,
  title={Inequalities on the {Lambert W} function and hyperpower function},
  author={Hoorfar, A. and Hassani, M.},
  journal={J. Inequal. Pure and Appl. Math},
  volume={9},
  number={2},
  year={2008}
}

@book{BauschkeC2011,
 author = {Bauschke, H. H. and Combettes, P. L.},
 title = {Convex Analysis and Monotone Operator Theory in Hilbert Spaces},
 year = {2011},
 edition = {1st},
 publisher = {Springer Publishing Company, Incorporated},
}

@inproceedings{Orabona14,
        author = {F. Orabona},
        title = {Simultaneous Model Selection and Optimization through Parameter-free Stochastic Learning},
        booktitle = {Advances in Neural Information Processing Systems 27},
        year = {2014}
}

@article{Kelly56,
    author = {Kelly, J. L.},
    journal = {Information Theory, IRE Transactions on},
    month = sep,
    number = {3},
    pages = {185--189},
    priority = {2},
    publisher = {IEEE},
    title = {{A new interpretation of information rate}},
    volume = {2},
    year = {1956}
}

@article{KalaiV03,
 author = {Kalai, A. and Vempala, S.},
 title = {Efficient Algorithms for Universal Portfolios},
 journal = {J. Mach. Learn. Res.},
 issue_date = {3/1/2003},
 volume = {3},
 month = mar,
 year = {2003},
 pages = {423--440},
 numpages = {18},
 publisher = {JMLR.org},
} 

@incollection{SridharanSSS09,
title = {Fast Rates for Regularized Objectives},
author = {K. Sridharan and S. Shalev-Shwartz and N. Srebro},
booktitle = {Advances in Neural Information Processing Systems 21},
editor = {D. Koller and D. Schuurmans and Y. Bengio and L. Bottou},
pages = {1545--1552},
year = {2009},
publisher = {Curran Associates, Inc.},
}

@article{KrichevskyT81,
  author = {Krichevsky, R. E. and Trofimov, V. K.},
  journal = {IEEE Transactions on Information Theory},
  number = 2,
  pages = {199--206},
  title = {The performance of universal encoding.},
  volume = 27,
  year = 1981
}

@incollection{McMahanA13,
  title = {Minimax Optimal Algorithms for Unconstrained Linear Optimization},
  author = {McMahan, B. and Abernethy, J.},
  booktitle = {Advances in Neural Information Processing Systems 26},
  editor = {C.J.C. Burges and L. Bottou and M. Welling and Z. Ghahramani and K.Q. Weinberger},
  pages = {2724--2732},
  year = {2013},
  publisher = {Curran Associates, Inc.},
}

@inproceedings{Orabona13,
        author = "{F. Orabona}",
        booktitle = "{Advances in Neural Information Processing Systems 26}",
        editor = "Burges, C.J.C. and Bottou, L. and Welling, M. and Ghahramani, Z. and Weinberger, K.Q.",
        pages = "1806--1814",
        publisher = "Curran Associates, Inc.",
        title = "{Dimension-free Exponentiated Gradient}",
        year = "2013"
}

@Article{LittlestoneW94,
    Author        = {N. Littlestone and M. K. Warmuth},
    Journal       = {Information and Computation},
    Number        = {2},
    Pages         = {212--261},
    Publisher     = {Elsevier},
    Title         = {The Weighted Majority Algorithm},
    Volume        = {108},
    Year          = {1994},
}

@Article{Vovk98,
    Author        = {V. Vovk},
    Journal       = {Journal of Computer and System Sciences},
    Pages         = {153--173},
    Title         = {A Game of Prediction with Expert Advice},
    Volume        = {56},
    Year          = {1998},
}

@InProceedings{KoolenWK10,
    Author        = {W. M. Koolen and M. K. Warmuth and J. Kivinen},
    Booktitle     = {Proc. of COLT},
    Pages         = {93--105},
    Title         = {Hedging Structured Concepts},
    Year          = {2010},
}

@Book{NemirovskyY83,
    Author        = {A. Nemirovski and D. B. Yudin},
    Publisher     = {Wiley},
    Title         = {Problem complexity and method efficiency in optimization},
    Year          = {1983},
}

@article{CoverO96,
  title={Universal portfolios with side information},
  author={Cover, T. M. and Ordentlich, E.},
  journal={Information Theory, IEEE Transactions on},
  volume={42},
  number={2},
  pages={348--363},
  year={1996},
  publisher={IEEE}
}