@Article{Boyd-1959,
    Author        = {A. V. Boyd},
    Journal       = {Reports of Statistical Application Research (Union of Japanese Scientists and Engineers)},
    Pages         = {44--46},
    Title         = {Inequalities for {Mill's} ratio},
    Volume        = {6},
    Year          = {1959},
}

@Article{Cesa-BianchiFHHSW97,
    Address       = {New York, NY, USA},
    Author        = {Nicol\`{o} Cesa-Bianchi and Yoav Freund and David Haussler and David P. Helmbold and Robert E. Schapire and Manfred K. Warmuth},
    Journal       = {J. ACM},
    Number        = {3},
    Pages         = {427--485},
    Publisher     = {ACM},
    Title         = {How to use expert advice},
    Volume        = {44},
    Year          = {1997},
}

@Article{CoxOS90,
    Author        = {D. Cox and F. O'Sullivan},
    Journal       = {Ann. Statist.},
    Pages         = {1676--1695},
    Title         = {Asymptotic analysis of penalized likelihood and related estimators},
    Volume        = {18},
    Year          = {1990},
}

@Article{CrammerSi03,
    Author        = {K. Crammer and Y. Singer},
    Journal       = {Journal of Machine Learning Research},
    Pages         = {951--991},
    Title         = {Ultraconservative online algorithms for multiclass problems},
    Volume        = {3},
    Year          = {2003},
}

@Article{DownsGM01,
    Author        = {T. Downs and K. E. Gates and A. Masters},
    Journal       = {Journal of Machine Learning Research},
    Pages         = {293--297},
    Title         = {Exact Simplification of Support Vectors Solutions},
    Volume        = {2},
    Year          = {2001},
}

@Article{DuarteH04,
    Author        = {M. F. Duarte and Y. H. Hu},
    Journal       = {Journal of Parallel and Distributed Computing},
    Pages         = {826--838},
    Title         = {Vehicle Classification in Distributed Sensor Networks},
    Volume        = {64},
    Year          = {2004},
}

@Article{DuchiHS11,
    Author        = {J. C. Duchi and E. Hazan and Y. Singer},
    Journal       = {Journal of Machine Learning Research},
    Pages         = {2121--2159},
    Title         = {Adaptive Subgradient Methods for Online Learning and Stochastic Optimization},
    Volume        = {12},
    Year          = {2011},
}

@Article{ElderG02,
    Author        = {James H. Elder and Richard M. Goldberg},
    Journal       = {Journal of Vision},
    Pages         = {324--353},
    Title         = {Ecological Statistics of Gestalt Laws for the Perceptual Organization of Contours},
    Volume        = {2},
    Year          = {2002},
}

@Article{EngelMM04,
    Author        = {Yaakov Engel and Shie Mannor and Ron Meir},
    Journal       = {IEEE Trans. on Signal Processing},
    Number        = {8},
    Title         = {The Kernel Recursive Least Squares Algorithm},
    Volume        = {52},
    Year          = {2004},
}

@Article{EngelMaMeir04,
    Author        = {Y. Engel and S. Mannor and R. Meir},
    Journal       = {IEEE Transactions on Signal Processing},
    Number        = {8},
    Pages         = {2275--2285},
    Title         = {The kernel recursive least-squares algorithm},
    Volume        = {52},
    Year          = {2004},
}

@Article{EvgeniouPP00,
    Author        = {T. Evgeniou and M. Pontil and T. Poggio},
    Journal       = {Advances in Computational Mathematics},
    Number        = {1},
    Pages         = {1--50},
    Title         = {Regularization networks and support vector machines},
    Volume        = {13},
    Year          = {2000},
}

@Article{FadigaFGR00,
    Author        = {L. Fadiga and L. Fogassi and V. Gallese and G. Rizzolatti},
    Journal       = {Internation Journal of Psychophysiology},
    Number        = {2--3},
    Pages         = {165--177},
    Title         = {Visuomotor neurons: ambiguity of the discharge or 'motor' perception?},
    Volume        = {35},
    Year          = {2000},
}

@Article{FineS02,
    Address       = {Cambridge, MA, USA},
    Author        = {S. Fine and K. Scheinberg},
    Journal       = {Journal of Machine Learning Research},
    Pages         = {243--264},
    Publisher     = {MIT Press},
    Title         = {Efficient {SVM} training using low-rank kernel representations},
    Volume        = {2},
    Year          = {2002},
}

@Article{FischerH04,
    Author        = {M. H. Fischer and N. Hoellen},
    Journal       = {The Journal of General Psychology},
    Pages         = {365--378},
    Title         = {Space- and object-based attention depend on motor intention},
    Volume        = {131},
    Year          = {2004},
}

@Article{Fitzpatrick03,
    Author        = {P. Fitzpatrick and G. Metta},
    Journal       = {Philosophical Transactions of the Royal Society: Mathematical, Physical and Engineering Sciences},
    Number        = {1811},
    Pages         = {2615--2185},
    Title         = {Grounding Vision Through Experimental Manipulation},
    Volume        = {361},
    Year          = {2003},
}

@Article{FreundSh99,
    Author        = {Y. Freund and R. E. Schapire},
    Journal       = {Machine Learning},
    Pages         = {277--296},
    Title         = {Large margin classification using the {P}erceptron algorithm},
    Year          = {1999},
}

@Article{Fukushima80,
    Author        = {K. Fukushima},
    Journal       = {Biological Cybernetics},
    Number        = {4},
    Pages         = {193--202},
    Title         = {Neocognitron: A self-organizing neural network model for a mechanism of pattern recognition unaffected by shift in position},
    Volume        = {36},
    Year          = {1980},
}

@Article{Gentile01,
    Author        = {C. Gentile},
    Journal       = {Journal of Machine Learning Research},
    Pages         = {213--242},
    Title         = {A New Approximate Maximal Margin Classification Algorithm},
    Volume        = {2},
    Year          = {2001},
}

@Article{Gentile03,
    Author        = {C. Gentile},
    Journal       = {Machine Learning},
    Number        = {3},
    Pages         = {265--299},
    Title         = {The Robustness of the p-Norm Algorithms},
    Volume        = {53},
    Year          = {2003},
}

@Article{GibsonE94,
    Author        = {B. S. Gibson and H. Egeth},
    Journal       = {Perception and Psychophysics},
    Number        = {3},
    Pages         = {323--339},
    Title         = {Inhibition of return to object-based and environment-based locations},
    Volume        = {55},
    Year          = {1994},
}

@Article{GrafWBS06,
    Author        = {A. B. A. Graf and F. A. Wichmann and H. H. B\"ulthoff and B. Sch\"olkopf},
    Journal       = {Neural Computation},
    Pages         = {143--165},
    Title         = {Classification of Faces in Man and Machine},
    Volume        = {18},
    Year          = {2006},
}

@Article{Grossberg85,
    Author        = {S. Grossberg and E. Mingolla},
    Journal       = {Perceptual Psychophysics},
    Pages         = {141--171},
    Title         = {Neural dynamics of perceptual grouping: textures, boundaries, and emergent segmentations},
    Volume        = {38},
    Year          = {1985},
}

@Article{Guy96,
    Author        = {G. Guy and G. Medioni},
    Journal       = {Int. J. of Computer Vision},
    Pages         = {113--133},
    Title         = {Inferring Global Perceptual Contours from Local Features},
    Volume        = {20},
    Year          = {1996},
}

@Article{HazanAK07,
    Author        = {E. Hazan and A. Agarwal and S. Kale},
    Journal       = {Machine Learning},
    Number        = {2-3},
    Pages         = {169--192},
    Title         = {Logarithmic regret algorithms for online convex optimization},
    Volume        = {69},
    Year          = {2007},
}

@Article{HsuL02,
    Author        = {Chih-Wei Hsu and Chih-Jen Lin},
    Journal       = {Neural Networks, IEEE Transactions on},
    Number        = {2},
    Pages         = {415--425},
    Title         = {A comparison of methods for multiclass support vector machines},
    Volume        = {13},
    Year          = {2002},
}

@Article{Hull94,
    Address       = {Los Alamitos, CA, USA},
    Author        = {J. J. Hull},
    Journal       = {IEEE Transactions on Pattern Analysis and Machine Intelligence},
    Number        = {5},
    Pages         = {550--554},
    Publisher     = {IEEE Computer Society},
    Title         = {A Database for Handwritten Text Recognition Research},
    Volume        = {16},
    Year          = {1994},
}

@Article{HungKPD05,
    Author        = {C.P. Hung and G. Kreiman and T. Poggio and J.J. DiCarlo},
    Journal       = {Science},
    Pages         = {863--866},
    Title         = {Fast Readout of Object Identity from Macaque Inferior Temporal Cortex},
    Volume        = {310},
    Year          = {2005},
}

@Article{IttiK01,
    Author        = {L. Itti and C. Koch},
    Journal       = {Nature Reviews Neuroscience},
    Month         = {March},
    Number        = {3},
    Pages         = {194--203},
    Title         = {Computational Modeling of Visual Attention},
    Volume        = {2},
    Year          = {2001},
}

@Article{IttiK01b,
    Author        = {L. Itti and C. Koch},
    Journal       = {Journal of Electronic Imaging},
    Month         = {Jan},
    Number        = {1},
    Pages         = {161--169},
    Title         = {Feature Combination Strategies for Saliency-Based Visual Attention Systems},
    Volume        = {10},
    Year          = {2001},
}

@Article{IttiKN98,
    Author        = {L. Itti and C. Koch and E. Niebur},
    Journal       = {IEEE Transactions on Pattern Analysis and Machine Intelligence},
    Pages         = {1254--1259},
    Title         = {A Model of Saliency-Based Visual Attention for Rapid Scene Analysis},
    Volume        = {20},
    Year          = {1998},
}

@Article{KakadeSST09b,
    Author        = {S. M. Kakade and S. Shalev-Shwartz and A. Tewari},
    Journal       = {CoRR},
    Title         = {Regularization Techniques for Learning with Matrices},
    Volume        = {abs/0910.0610},
    Year          = {2009},
}

@Article{KeerthiCDC06,
    Author        = {S. Sathiya Keerthi and Olivier Chapelle and Dennis DeCoste},
    Journal       = {Journal of Machine Learning Research},
    Pages         = {1--22},
    Title         = {Building Support Vector Machines with Reduced Classifier Complexity},
    Volume        = {8},
    Year          = {2006},
}

@Article{KeerthiDC05,
    Author        = {S. Sathiya Keerthi and Dennis DeCoste},
    Journal       = {Journal of Machine Learning Research},
    Pages         = {341--361},
    Title         = {A modified finite {Newton} method for fast solution of large scale linear {SVM}s},
    Volume        = {6},
    Year          = {2005},
}

@Article{KeerthiDJ05,
    Author        = {S. S. Keerthi and D. Decoste and T. Joachims},
    Journal       = {Journal of Machine Learning Research},
    Pages         = {2005},
    Title         = {A modified finite newton method for fast solution of large scale linear svms},
    Volume        = {6},
    Year          = {2005},
}

@Article{KimeldorfW70,
    Author        = {G. Kimeldorf and G. Wahba},
    Journal       = {Ann. Math. Statist.},
    Pages         = {495--502},
    Title         = {A correspondence between Bayesian estimation of stochastic processes and smoothing by splines},
    Volume        = {41},
    Year          = {1970},
}

@Article{KivinenSW04,
    Author        = {J. Kivinen and A. Smola and R. Williamson},
    Journal       = {IEEE Trans. on Signal Processing},
    Number        = {8},
    Pages         = {2165--2176},
    Title         = {Online Learning with kernels},
    Volume        = {52},
    Year          = {2004},
}

@Article{KivinenW01,
    Author        = {J. Kivinen and M.K. Warmuth},
    Journal       = {Machine Learning},
    Number        = {3},
    Pages         = {301--329},
    Publisher     = {Kluwer},
    Title         = {Relative Loss Bounds for Multidimensional Regression Problems},
    Volume        = {45},
    Year          = {2001},
}

@Article{KivinenW97,
    Author        = {J. Kivinen and M. Warmuth},
    Journal       = {Information and Computation},
    Month         = {Jan},
    Number        = {1},
    Pages         = {1--63},
    Title         = {Exponentiated Gradient versus Gradient Descent for Linear Predictors},
    Volume        = {132},
    Year          = {1997},
}

@Article{KivinenWH06,
    Author        = {J. Kivinen and M. K. Warmuth and B. Hassibi},
    Journal       = {IEEE Transactions on Signal Processing},
    Number        = {5},
    Pages         = {1782--1793},
    Title         = {The p-norm generalization of the {LMS} algorithm for adaptive filtering},
    Volume        = {54},
    Year          = {2006},
}

@Article{Klein00,
    Author        = {R. M. Klein},
    Journal       = {Trends in Cognitive Sciences},
    Pages         = {138--147},
    Title         = {Inhibition of return},
    Volume        = {4},
    Year          = {2000},
}

@Article{Kruger98,
    Author        = {Norbert Kr{\"u}ger},
    Journal       = {Neural Processing Letters},
    Number        = {2},
    Pages         = {117--129},
    Title         = {Collinearity and Parallelism are Statistically Significant Second Order Relations of Complex Cell Responses},
    Volume        = {8},
    Year          = {1998},
}

@Article{LanckrietCBG04,
    Author        = {Gert Lanckriet and Nello Cristianini and Peter Bartlett and Laurent E. Ghaoui},
    Journal       = {Journal of Machine Learning Research},
    Pages         = {27--72},
    Title         = {Learning the kernel matrix with semidefinite programming},
    Volume        = {5},
    Year          = {2004},
}

@Article{Laskov2006,
    Author        = {Pavel Laskov and Christian Gehl and Stefan Kr\"uger and Klaus-Robert M\"uller},
    Journal       = {Journal of Machine Learning Research},
    Pages         = {1909--1936},
    Title         = {Incremental support vector learning: analysis, implementation and applications},
    Volume        = {7},
    Year          = {2006},
}

@Article{LecunBBH98,
    Author        = {Y. Lecun and L. Bottou and Y. Bengio and P. Haffner},
    Journal       = {Proceedings of the IEEE},
    Month         = {November},
    Number        = {11},
    Pages         = {2278--2324},
    Title         = {Gradient-Based Learning Applied to Document Recognition},
    Volume        = {86},
    Year          = {1998},
}

@Article{LiS06,
    Address       = {Washington, DC, USA},
    Author        = {Mingkun Li and Fellow-Ishwar K. Sethi},
    Journal       = {IEEE Trans. Pattern Anal. Mach. Intell.},
    Number        = {8},
    Pages         = {1251--1261},
    Publisher     = {IEEE Computer Society},
    Title         = {Confidence-Based Active Learning},
    Volume        = {28},
    Year          = {2006},
}

@Article{LiYYY03,
    Author        = {X. Li and T. Yuan and N. Yu and Y. Yuan},
    Journal       = {Pattern Recognition Letters},
    Pages         = {3165--3176},
    Title         = {Adaptive color quantization based on perceptive edge protection},
    Volume        = {24},
    Year          = {2003},
}

@Article{LihongLWS11,
    Author        = {L. Lihong and M. Littman and T. Walsh and A. Strehl},
    Issue         = {3},
    Journal       = {Machine Learning},
    Pages         = {399--443},
    Publisher     = {Springer Netherlands},
    Title         = {Knows what it knows: a framework for self-aware learning},
    Volume        = {82},
    Year          = {2011},
}

@Article{Littlestone88,
    Author        = {N. Littlestone},
    Journal       = {Machine Learning},
    Number        = {4},
    Pages         = {285--318},
    Publisher     = {Kluwer},
    Title         = {Learning Quickly when Irrelevant Attributes Abound: a New Linear-threshold Algorithm},
    Volume        = {2},
    Year          = {1988},
}

@Article{LiuSD05,
    Author        = {Y. Liu and X. Shen and H. Doss},
    Journal       = {Journal of Computational \& Graphical Statistics},
    Number        = {1},
    Pages         = {219--236},
    Title         = {Multicategory $\psi$-learning and support vector machine: Computational tools},
    Volume        = {14},
    Year          = {2005},
}

@Article{MaTP03,
    Address       = {Cambridge, MA, USA},
    Author        = {Junshui Ma and James Theiler and Simon Perkins},
    Journal       = {Neural Computation},
    Number        = {11},
    Pages         = {2683--2703},
    Publisher     = {MIT Press},
    Title         = {Accurate on-line support vector regression},
    Volume        = {15},
    Year          = {2003},
}

@Article{McKay1989,
    Author        = {B. D. {McKay}},
    Journal       = {Advanced Applied Probability},
    Pages         = {475--478},
    Title         = {On {L}ittlewood's estimate for the binomial distribution},
    Volume        = {21},
    Year          = {1989},
}

@Article{MelcherK99,
    Author        = {D. Melcher and E. Kowler},
    Journal       = {Vision Research},
    Pages         = {2929--2946},
    Title         = {Shapes, surfaces and saccades},
    Volume        = {39},
    Year          = {1999},
}

@Article{MettaF03,
    Author        = {Giorgio Metta and P. Fitzpatrick},
    Journal       = {Adaptive Behavior},
    Pages         = {109--128},
    Title         = {Early Integration of Vision and Manipulation},
    Volume        = {11},
    Year          = {2003},
}

@Article{MilaneseGP95,
    Author        = {R. Milanese and S. Gil and T. Pun},
    Journal       = {Optical Engineering},
    Pages         = {2428--2434},
    Title         = {Attentive Mechanisms for Dynamic and Static Scene Analysis},
    Volume        = {34},
    Year          = {1995},
}

@Article{Morrone88,
    Author        = {M. Morrone and D. Burr},
    Journal       = {Proc. Royal Soc. of London B},
    Pages         = {221--245},
    Title         = {Feature Detection in Human Vision: A Phase Dependent Energy Model},
    Volume        = {235},
    Year          = {1988},
}

@Article{Munro1951,
    Author        = {H. Robbins and S Munro},
    Journal       = {Annals of Mathematical Statistics},
    Pages         = {400--407},
    Title         = {A stochastic approximation method},
    Volume        = {22},
    Year          = {1951},
}

@Article{Murata2002,
    Author        = {Noboru Murata and Motoaki Kawanabe and Andreas Ziehe and Klaus-Robert M\"uller and Shun-ichi Amari},
    Journal       = {Neural Networks},
    Pages         = {743--760},
    Title         = {On-line Learning in Changing Environments with Applications in Supervised and Unsupervised Learning},
    Volume        = {15},
    Year          = {2002},
}

@Article{OCravenDK99,
    Author        = {K. O'Craven and P. Downing and N. Kanwisher},
    Journal       = {Nature},
    Pages         = {584--587},
    Title         = {{fMRI} evidence for objects as units of attentional selection},
    Volume        = {401},
    Year          = {1999},
}

@Article{PalmerR94,
    Author        = {S. Palmer and I. Rock},
    Journal       = {Psychonomic Bulletin \& Review},
    Number        = {1},
    Pages         = {29--55},
    Title         = {Rethinking perceptual organization: the role of uniform connectedness},
    Volume        = {1},
    Year          = {1994},
}

@Article{PoggioS03,
    Author        = {Tomaso Poggio and Steve Smale},
    Journal       = {Notices of the American Mathematical Society},
    Number        = {5},
    Pages         = {537--544},
    Title         = {The Mathematics of Learning: Dealing with Data},
    Volume        = {50},
    Year          = {2003},
}

@Article{Polikar06,
    Author        = {R. Polikar},
    Journal       = {IEEE Circuits and Systems Magazine},
    Number        = {3},
    Pages         = {21--45},
    Title         = {Ensemble Based Systems in Decision Making},
    Volume        = {6},
    Year          = {2006},
}

@Article{PontilV98,
    Author        = {Massimiliano Pontil and Alessandro Verri},
    Journal       = {Neural Computation},
    Pages         = {955--974},
    Title         = {Properties of Support Vector Machines},
    Volume        = {10},
    Year          = {1998},
}

@Article{PosnerSD80,
    Author        = {M. I. Posner and C. R. R. Snyder and B. J. Davidson},
    Journal       = {Journal of Experimental Psychology: General},
    Pages         = {160--174},
    Title         = {Attention and the detection of signals},
    Volume        = {109},
    Year          = {1980},
}

@Article{Prodohl01,
    Author        = {C. Prod\"ohl and R. P. W\"urtz and Christoph von der Malsburg},
    Journal       = {Neural Computation},
    Pages         = {1865--1896},
    Title         = {Learning the Gestalt Rule of Collinearity from Object Motion},
    Volume        = {15},
    Year          = {2003},
}

@Article{Pylyshyn01,
    Author        = {Zenon W. Pylyshyn},
    Journal       = {Cognition},
    Month         = {June},
    Number        = {1--2},
    Pages         = {127--158},
    Title         = {Visual indexes, preconceptual objects, and situated vision},
    Volume        = {80},
    Year          = {2001},
}

@Article{RakotomamonjyBCG08,
    Author        = {Alain Rakotomamonjy and Francis R. Bach and S. Canu and Yves Grandvalet},
    Journal       = {Journal of Machine Learning Research},
    Month         = {November},
    Pages         = {2491--2521},
    Title         = {{SimpleMKL}},
    Volume        = {9},
    Year          = {2008},
}

@Article{Rensink00a,
    Author        = {R. A. Rensink},
    Journal       = {Vision Research},
    Number        = {10--12},
    Pages         = {1469--1487},
    Title         = {Seeing, sensing, and scrutinizing},
    Volume        = {40},
    Year          = {2000},
}

@Article{Rensink00b,
    Author        = {R. A. Rensink},
    Journal       = {Visual Cognition},
    Number        = {1/2/3},
    Pages         = {17--42},
    Title         = {The dynamic representation of scenes},
    Volume        = {7},
    Year          = {2000},
}

@Article{RensinkORC97,
    Author        = {R. A. Rensink and J. K. O'Regan and J. J. Clark},
    Journal       = {Psychological Science},
    Number        = {5},
    Pages         = {368--373},
    Title         = {To see or not to see: The need for attention to perceive changes in scenes},
    Volume        = {8},
    Year          = {1997},
}

@Article{RiesenhuberP99,
    Author        = {M. Riesenhuber and T. Poggio},
    Journal       = {Nature Neuroscience},
    Number        = {11},
    Pages         = {1019--1025},
    Title         = {Hierarchical models of object recognition in cortex},
    Volume        = {2},
    Year          = {1999},
}

@Article{RifkinK04,
    Address       = {Cambridge, MA, USA},
    Author        = {Ryan Rifkin and Aldebaro Klautau},
    Journal       = {J. Mach. Learn. Res.},
    Pages         = {101--141},
    Publisher     = {MIT Press},
    Title         = {In Defense of One-Vs-All Classification},
    Volume        = {5},
    Year          = {2004},
}

@Article{Robbins-1955,
    Author        = {H. Robbins},
    Journal       = {American Mathematical Monthly},
    Pages         = {26--29},
    Publisher     = {JSTOR},
    Title         = {A remark on {S}tirling's formula},
    Year          = {1955},
}

@Article{Rosenblatt58,
    Author        = {F. Rosenblatt},
    Journal       = {Psychological Review},
    Pages         = {386--407},
    Title         = {The {P}erceptron: A Probabilistic Model for Information Storage and Organization in the Brain},
    Volume        = {65},
    Year          = {1958},
}

@Article{Shalev-Shwartz12,
    Author        = {S. Shalev-Shwartz},
    Journal       = {Foundations and Trends in Machine Learning},
    Number        = {2},
    Title         = {Online Learning and Online Convex Optimization},
    Volume        = {4},
    Year          = {2012},
}

@Article{Shalev-ShwartzS07,
    Author        = {S. Shalev-Shwartz and Y. Singer},
    Journal       = {Machine Learning Journal},
    Title         = {A Primal-Dual Perspective of Online Learning Algorithms},
    Year          = {2007},
}

@Article{Sigman01,
    Author        = {Mariano Sigman and Guillermo A. Cecchi and Charles D. Gilbert and Marcelo O. Magnasco},
    Journal       = {PNAS},
    Number        = {4},
    Pages         = {1935--1940},
    Title         = {On a common circle: Natural scenes and Gestalt rules},
    Volume        = {98},
    Year          = {2001},
}

@Article{TreismanG80,
    Author        = {A. M. Treisman and G. Gelade},
    Journal       = {Cognitive Psychology},
    Month         = {January},
    Number        = {1},
    Pages         = {97--136},
    Title         = {A feature-integration theory of attention.},
    Volume        = {12},
    Year          = {1980},
}

@Article{VincentS91,
    Author        = {L. Vincent and P. Soille},
    Journal       = {IEEE Transactions on Pattern Analysis and Machine Intelligence},
    Number        = {6},
    Pages         = {583--598},
    Title         = {Watersheds in digital spaces: an efficient algorithm based on immersion simulations},
    Volume        = {13},
    Year          = {1991},
}

@Article{ViolaJ04,
    Address       = {Hingham, MA, USA},
    Author        = {Paul Viola and Michael J. Jones},
    Journal       = {International Journal of Computer Vision},
    Number        = {2},
    Pages         = {137--154},
    Publisher     = {Kluwer Academic Publishers},
    Title         = {Robust Real-Time Face Detection},
    Volume        = {57},
    Year          = {2004},
}

@Article{VishwanathanSS06,
    Address       = {Cambridge, MA, USA},
    Author        = {S. V.N. Vishwanathan and Nicol N. Schraudolph and Alex J. Smola},
    Journal       = {J. Mach. Learn. Res.},
    Pages         = {1107--1133},
    Publisher     = {MIT Press},
    Title         = {Step Size Adaptation in Reproducing Kernel Hilbert Space},
    Volume        = {7},
    Year          = {2006},
}

@Article{Vonikakis06,
    Author        = {V. Vonikakis and A. Gasteratos and I. Andreandis},
    Journal       = {Biological Cybernetics},
    Pages         = {194--214},
    Title         = {Enhancement of perceptually salient contours using a parallel artificial cortical network},
    Volume        = {94},
    Year          = {2006},
}

@Article{Vovk01,
    Author        = {V. Vovk},
    Journal       = {International Statistical Review},
    Pages         = {213--248},
    Title         = {Competitive on-line statistics},
    Volume        = {69},
    Year          = {2001},
}

@Article{WaltherK06,
    Author        = {Dirk Walther and Christof Koch},
    Journal       = {Neural Networks},
    Pages         = {1395--1407},
    Title         = {Modeling attention to salient proto-objects},
    Volume        = {19},
    Year          = {2006},
}

@Article{Wertheimer23,
    Author        = {M. Wertheimer},
    Journal       = {Psycholgishe Furschung},
    Pages         = {301--350},
    Title         = {Untersuchungen zur Lehre von Gestalt},
    Volume        = {4},
    Year          = {1923},
}

@Article{Wolpert92,
    Author        = {D.H. Wolpert},
    Journal       = {Neural Networks},
    Number        = {2},
    Pages         = {241--259},
    Title         = {Stacked generalization},
    Volume        = {5},
    Year          = {1992},
}

@Article{WuSB06,
    Author        = {M. Wu and B. Sch\"olkopf and G. Bakir},
    Journal       = {Journal of Machine Learning Research},
    Month         = {04},
    Pages         = {603--624},
    Title         = {A Direct Method for Building Sparse Kernel Learning Algorithms},
    Volume        = {7},
    Year          = {2006},
}

@Article{Zhang04,
    Author        = {T. Zhang},
    Journal       = {The Annals of Statistics},
    Month         = {March},
    Pages         = {56--134},
    Title         = {Statistical behavior and consistency of classification methods based on convex risk minimization},
    Volume        = {32},
    Year          = {2004},
}

@Article{heumer,
    Author        = {G. Heumer and H. Ben Amor and M. Weber and B. Jung},
    Journal       = {IEEE Virtual Reality},
    Pages         = {19--26},
    Title         = {Grasp Recognition with Uncalibrated Data Gloves - A Comparison of Classification Methods},
    Year          = {2007},
}

@Article{hoorfar2008inequalities,
    Author        = {A. Hoorfar and M. Hassani},
    Journal       = {J. Inequal. Pure and Appl. Math},
    Number        = {2},
    Title         = {Inequalities on the Lambert W function and hyperpower function},
    Volume        = {9},
    Year          = {2008},
}

@Article{lecun98efficient,
    Author        = {Y. LeCun and L. Bottou and G. B. Orr and K.-R. Mueller},
    Journal       = {Lecture Notes in Computer Science},
    Pages         = {9--53},
    Title         = {Efficient {BackProp}},
    Url           = {citeseer.ist.psu.edu/lecun98efficient.html},
    Volume        = {1524},
    Year          = {1998},
}

@InCollection{Barlow61,
    Author        = {H. B. Barlow},
    Booktitle     = {Sensory Communication},
    Editor        = {W. A. Rosenblith},
    Pages         = {217--234},
    Publisher     = {MIT Press},
    Title         = {Possible principles underlying the trasformations of sensory messages},
    Year          = {1961},
}

@InCollection{Gibson77,
    Author        = {James J. Gibson},
    Booktitle     = {Perceiving, acting and knowing: toward and ecological psychology},
    Editor        = {Robert Shaw and John Bransford},
    Pages         = {67--82},
    Publisher     = {Erlbaum},
    Title         = {The theory of affordances},
    Year          = {1977},
}

@InCollection{HazanK09,
    Author        = {E. Hazan and S. Kale},
    Booktitle     = {Advances in Neural Information Processing Systems 22},
    Editor        = {Y. Bengio and D. Schuurmans and J. Lafferty and C. K. I. Williams and A. Culotta},
    Pages         = {709--717},
    Title         = {On Stochastic and Worst-case Models for Investing},
    Year          = {2009},
}

@InCollection{OrabonaC10,
    Author        = {F. Orabona and K. Crammer},
    Booktitle     = {Advances in Neural Information Processing Systems 23},
    Editor        = {J. Lafferty and C. K. I. Williams and J. Shawe-Taylor and R.S. Zemel and A. Culotta},
    Pages         = {1840--1848},
    Title         = {New Adaptive Algorithms for Online Classification},
    Year          = {2010},
}

@InCollection{Platt99,
    Address       = {Cambridge, MA, USA},
    Author        = {J. C. Platt},
    Booktitle     = {Advances in kernel methods -- support vector learning},
    Editor        = {B. Sch\"{o}lkopf and C. Burges and A. Smola},
    Pages         = {185--208},
    Publisher     = {MIT Press},
    Title         = {Fast training of support vector machines using sequential minimal optimization},
    Year          = {1999},
}

@InCollection{RifkinYP03,
    Author        = {R. Rifkin and G. Yeo and T. Poggio},
    Booktitle     = {Advances in Learning Theory: Methods, Models and Applications},
    Editor        = {J. A. K. Suykens and G. Horvath and S. Basu and C. Micchelli and J. Vandewalle},
    Pages         = {131--154},
    Publisher     = {VIOS Press},
    Series        = {NATO Science Series III: Computer and Systems Sciences},
    Title         = {Regularized least-squares classification},
    Year          = {2003},
}

@InCollection{SandiniM02,
    Address       = {New York, NY},
    Author        = {G. Sandini and G. Metta},
    Booktitle     = {Sensors and Sensing in Biology and Engineering},
    Editor        = {T.W. Secomb and F. Barth and P. Humphrey},
    Publisher     = {Springer Verlag},
    Title         = {Retina-like sensors: motivations, technology and applications},
    Year          = {2002},
}

@InCollection{SrebroST10,
    Author        = {N. Srebro and K. Sridharan and A. Tewari},
    Booktitle     = {Advances in Neural Information Processing Systems 23},
    Editor        = {J. Lafferty and C. K. I. Williams and J. Shawe-Taylor and R. S. Zemel and A. Culotta},
    Pages         = {2199--2207},
    Title         = {Smoothness, Low Noise and Fast Rates},
    Year          = {2010},
}

@InCollection{StreeterM12,
    Author        = {M. Streeter and B. McMahan},
    Booktitle     = {Advances in Neural Information Processing Systems 25},
    Editor        = {P. Bartlett and F.C.N. Pereira and C.J.C. Burges and L. Bottou and K.Q. Weinberger},
    Pages         = {2411--2419},
    Title         = {No-Regret Algorithms for Unconstrained Online Convex Optimization},
    Year          = {2012},
}

@InCollection{Vovk06,
    Author        = {V. Vovk},
    Booktitle     = {Theory and Applications of Models of Computation},
    Editor        = {Jin-Yi Cai and S.Barry Cooper and Angsheng Li},
    Pages         = {452--463},
    Publisher     = {Springer Berlin Heidelberg},
    Series        = {Lecture Notes in Computer Science},
    Title         = {On-Line Regression Competitive with Reproducing Kernel Hilbert Spaces},
    Volume        = {3959},
    Year          = {2006},
}

@InCollection{WolfeG96,
    Address       = {Dordrecht, Netherlands},
    Author        = {J. M. Wolfe and G. Gancarz},
    Booktitle     = {Basic and Clinical Applications of Vision Science},
    Editor        = {V. Lakshminarayanan},
    Pages         = {189--192},
    Publisher     = {Kluwer Academic},
    Title         = {Guided Search 3.0 Basic and Clinical Applications of Vision Science},
    Year          = {1996},
}

@InCollection{Xiao09,
    Author        = {L. Xiao},
    Booktitle     = {Advances in Neural Information Processing Systems 22},
    Pages         = {2116--2124},
    Title         = {Dual Averaging Method for Regularized Stochastic Learning and Online Optimization},
    Year          = {2009},
}

@InProceedings{AbernethyABR09,
    Author        = {J. Abernethy and A. Agarwal and P. L. Bartlett and A. Rakhlin},
    Booktitle     = {COLT},
    Title         = {A Stochastic View of Optimal Regret through Minimax Duality},
    Year          = {2009},
}

@InProceedings{AbernethyBRT08,
    Author        = {J. Abernethy and P. L. Bartlett and A. Rakhlin and A. Tewari},
    Booktitle     = {Proceedings of the 21st Annual Conference on Learning Theory},
    Pages         = {414--424},
    Publisher     = {Omnipress},
    Title         = {Optimal Strategies and Minimax Lower Bounds for Online Convex Games},
    Year          = {2008},
}

@InProceedings{BGV92,
    Author        = {B. E. Boser and I. M. Guyon and V. N. Vapnik},
    Booktitle     = {Proceedings of the 5th Annual ACM Workshop on Computational Learning Theory},
    Editor        = {D. Haussler},
    Pages         = {144--152},
    Publisher     = {ACM press},
    Title         = {A training algorithm for optimal margin classifiers},
    Year          = {1992},
}

@InProceedings{BachJordan2005,
    Author        = {F. R. Bach and M. I. Jordan},
    Booktitle     = {Proceedings of the 22nd International Conference on Machine Learning (ICML)},
    Title         = {Predictive low-rank decomposition for kernel methods},
    Year          = {2005},
}

@InProceedings{BachLJ04,
    Author        = {F. R. Bach and G. R. G. Lanckriet and M. I. Jordan},
    Booktitle     = {Proc. of the 21st International Conference on Machine Learning},
    Title         = {Multiple kernel learning, conic duality, and the {SMO} algorithm},
    Year          = {2004},
}

@InProceedings{BoughorbelTF04,
    Address       = {London, England},
    Author        = {S. Boughorbel and J.-P. Tarel and F. Fleuret},
    Booktitle     = {Proceedings of British Machine Vision Conference (BMVC'04)},
    Date          = {September 7-9},
    Pages         = {137--146},
    Title         = {Non-Mercer Kernels for {SVM} Object Recognition},
    Year          = {2004},
}

@InProceedings{Brooks91,
    Author        = {R. A. Brooks},
    Booktitle     = {In Proc. of the 1991 International Joint Conference on Artificial Intelligence},
    Pages         = {569--595},
    Title         = {Intelligence without reason},
    Year          = {1991},
}

@InProceedings{BurgesC99,
    Author        = {Christopher J. C. Burges and David J. Crisp},
    Booktitle     = {Advances in Neural Information Processing Systems 12},
    Pages         = {223--229},
    Title         = {Uniqueness of the SVM Solution},
    Year          = {1999},
}

@InProceedings{BurgesS96,
    Author        = {Christopher J. C. Burges and Bernhard Sch{\"o}lkopf},
    Booktitle     = {Advances in Neural Information Processing Systems},
    Pages         = {375--381},
    Title         = {Improving the Accuracy and Speed of Support Vector Machines},
    Year          = {1996},
}

@InProceedings{CauwenberghsP00,
    Author        = {G. Cauwenberghs and T. Poggio},
    Booktitle     = {Advances in Neural Information Processing Systems 14},
    Pages         = {409--415},
    Title         = {Incremental and Decremental Support Vector Machine Learning},
    Year          = {2000},
}

@InProceedings{Cesa-BianchiG06,
    Author        = {N. Cesa-Bianchi and A. Conconi and C. Gentile},
    Booktitle     = {Proc. of the 19th Conference on Learning Theory},
    Pages         = {483--498},
    Title         = {Tracking the best hyperplane with a simple budget {P}erceptron},
    Year          = {2006},
}

@InProceedings{ChengVSWC07,
    Author        = {L. Cheng and S. V. N. Vishwanathan and D. Schuurmans and S. Wang and T. Caelli},
    Booktitle     = {Advances in Neural Information Processing Systems 19},
    Pages         = {249--256},
    Title         = {Implicit Online Learning with Kernels},
    Year          = {2007},
}

@InProceedings{Collins00,
    Author        = {M. Collins},
    Booktitle     = {Proc. of the 17th International Conference on Machine Learning},
    Pages         = {175--182},
    Title         = {Discriminative Reranking for Natural Language Parsing},
    Year          = {2000},
}

@InProceedings{CollobertSWB06,
    Address       = {New York, NY, USA},
    Author        = {Ronan Collobert and Fabian Sinz and Jason Weston and L\'{e}on Bottou},
    Booktitle     = {ICML '06: Proceedings of the 23rd International Conference on Machine Learning},
    Location      = {Pittsburgh, Pennsylvania},
    Pages         = {201--208},
    Publisher     = {ACM Press},
    Title         = {Trading convexity for scalability},
    Year          = {2006},
}

@InProceedings{CrammerKS00,
    Author        = {K. Crammer and J. Kandola and Y. Singer},
    Booktitle     = {Advances in Neural Information Processing Systems 16},
    Title         = {Online classification on a budget},
    Year          = {2003},
}

@InProceedings{DekelGS2010,
    Author        = {O. Dekel and C. Gentile and K. Sridharan},
    Booktitle     = {Proc. of the 23rd International Conference on Learning Theory},
    Publisher     = {MIT Press},
    Title         = {Robust Selective Sampling from Single and Multiple Teachers},
    Year          = {2010},
}

@InProceedings{DekelS05,
    Author        = {O. Dekel and Y. Singer},
    Booktitle     = {Advances in Neural Information Processing Systems 18},
    Title         = {Data-Driven Online to Batch Conversions},
    Year          = {2005},
}

@InProceedings{DekelShSi05a,
    Author        = {O. Dekel and S. Shalev-Shwartz and Y. Singer},
    Booktitle     = {Advances in Neural Information Processing Systems 18},
    Title         = {The {F}orgetron: {A} Kernel-Based Perceptron on a Fixed Budget},
    Year          = {2005},
}

@InProceedings{DoLCS09,
    Author        = {C. B. Do and Q. V. Le and Chuan-Sheng Foo},
    Booktitle     = {Proc. of the 26th International Conference on Machine Learning},
    Pages         = {257--264},
    Title         = {Proximal regularization for online and batch learning},
    Year          = {2009},
}

@InProceedings{DuchiSST10,
    Author        = {J. C. Duchi and S. Shalev-Shwartz and Y. Singer and A. Tewari},
    Booktitle     = {COLT},
    Pages         = {14--26},
    Title         = {Composite Objective Mirror Descent},
    Year          = {2010},
}

@InProceedings{EngelMM02sparse,
    Author        = {Y. Engel and S. Mannor and R. Meir},
    Booktitle     = {Proceedings 13th European Conference on Machine Learning},
    Title         = {Sparse online greedy support vector regression},
    Year          = {2002},
}

@InProceedings{Even-DarKMW07,
    Author        = {E. Even-Dar and M. Kearns and Y. Mansour and J. Wortman},
    Booktitle     = {COLT},
    Editor        = {N. H. Bshouty and C. Gentile},
    Pages         = {233--247},
    Publisher     = {Springer},
    Series        = {Lecture Notes in Computer Science},
    Title         = {Regret to the Best vs. Regret to the Average.},
    Volume        = {4539},
    Year          = {2007},
}

@InProceedings{FidlerBL06,
    Address       = {Washington, DC, USA},
    Author        = {Sanja Fidler and Gregor Berginc and Ale\v{s} Leonardis},
    Booktitle     = {Proceedings of the IEEE Conference on Computer Vision and Pattern Recognition ({CVPR'06})},
    Month         = {June},
    Pages         = {182--189},
    Publisher     = {IEEE Computer Society},
    Title         = {Hierarchical Statistical Learning of Generic Parts of Object Structure},
    Year          = {2006},
}

@InProceedings{Gehler09,
    Author        = {P. Gehler and S. Nowozin},
    Booktitle     = {Proc. of the 12th International Conference on Computer Vision},
    Title         = {On Feature Combination for Multiclass Object Classiﬁcation},
    Year          = {2009},
}

@InProceedings{GraepelH01,
    Author        = {Thore Graepel and Ralf Herbrich},
    Booktitle     = {Neural Information Processing Systems},
    Pages         = {210--216},
    Title         = {From Margin to Sparsity},
}

@InProceedings{GrandvaletMB03,
    Author        = {Yves Grandvalet and Johnny Mari\'ethoz and Samy Bengio},
    Booktitle     = {Advances in Neural Information Processing Systems},
    Title         = {A Probabilistic Interpretation of SVMs with an Application to Unbalanced Classification},
    Year          = {2003},
}

@InProceedings{HazanK08,
    Author        = {E. Hazan and S. Kale},
    Booktitle     = {Proc. of the 21st Conference on Learning Theory},
    Title         = {Extracting Certainty from Uncertainty: Regret Bounded by Variation in Costs},
    Year          = {2008},
}

@InProceedings{KohaviBS97,
    Author        = {R. Kohavi and B. Becker and D. Sommerfield},
    Booktitle     = {Proceedings of the European Conference on Machine Learning},
    Title         = {Improving simple Bayes},
    Year          = {1997},
}

@InProceedings{KulisB10,
    Author        = {B. Kulis and P. L. Bartlett},
    Booktitle     = {ICML},
    Pages         = {575--582},
    Title         = {Implicit Online Learning},
    Year          = {2010},
}

@InProceedings{LangfordLZ08,
    Author        = {J. Langford and L. Li and T. Zhang},
    Booktitle     = {Advances in Neural Information Processing Systems 21},
    Pages         = {905--912},
    Title         = {Sparse Online Learning via Truncated Gradient},
    Year          = {2008},
}

@InProceedings{LeeM01,
    Author        = {Y. J. Lee and O. L. Mangasarian},
    Booktitle     = {Proceedings of the SIAM International Conference on Data Mining},
    Title         = {{RSVM}: Reduced support vector machines},
    Year          = {2001},
}

@InProceedings{Lowe99,
    Address       = {Washington, DC, USA},
    Author        = {David G. Lowe},
    Booktitle     = {Proceedings of the International Conference on Computer Vision ({ICCV})},
    Pages         = {1150--1157},
    Publisher     = {IEEE Computer Society},
    Title         = {Object Recognition from Local Scale-Invariant Features},
    Volume        = {2},
    Year          = {1999},
}

@InProceedings{McMahanO14,
    Author        = {H. B. McMahan and F. Orabona},
    Booktitle     = {COLT},
    Title         = {Unconstrained Online Linear Learning in {Hilbert} Spaces: Minimax Algorithms and Normal Approximations},
    Year          = {2014},
}

@InProceedings{MutchL06,
    Address       = {Washington, DC, USA},
    Author        = {Jim Mutch and David G. Lowe},
    Booktitle     = {Proceedings of the 2006 IEEE Computer Society Conference on Computer Vision and Pattern Recognition (CVPR'05) - Volume 2},
    Pages         = {11--18},
    Publisher     = {IEEE Computer Society},
    Title         = {Multiclass Object Recognition with Sparse, Localized Features},
    Year          = {2006},
}

@InProceedings{NataleOMS05,
    Author        = {L. Natale and F. Orabona and G. Metta and G. Sandini},
    Booktitle     = {Proceedings 6th CIRA Symposium},
    Month         = {June},
    Pages         = {27--30},
    Title         = {Exploring the world through grasping: a developmental approach},
    Year          = {2005},
}

@InProceedings{NilsbackC04,
    Author        = {M. E. Nilsback and B. Caputo},
    Booktitle     = {Proc. of the International conference on Computer Vision and Pattern Recognition},
    Pages         = {578--585},
    Title         = {Cue Integration through Discriminative Accumulation},
    Volume        = {2},
    Year          = {2004},
}

@InProceedings{OrabonaCCLS07,
    Author        = {F. Orabona and C. Castellini and B. Caputo and J. Luo and G. Sandini},
    Booktitle     = {Proc. of the British Machine Vision Conference 2007},
    Pages         = {1090--1099},
    Title         = {Indoor Place Recognition using Online Independent Support Vector Machines},
    Year          = {2007},
}

@InProceedings{RasmussenQC05,
    Address       = {New York, NY, USA},
    Author        = {Carl Edward Rasmussen and Joaquin Qui{\ n}onero-Candela},
    Booktitle     = {ICML '05: Proceedings of the 22nd international conference on Machine learning},
    Location      = {Bonn, Germany},
    Pages         = {689--696},
    Publisher     = {ACM Press},
    Title         = {Healing the relevance vector machine through augmentation},
    Year          = {2005},
}

@InProceedings{SandiniQSM00,
    Address       = {Cambridge, USA},
    Author        = {G. Sandini and P. Questa and D. Scheffer and A. Mannucci},
    Booktitle     = {Proceedings of the IEEE Sensor Array and Multichannel Signal Processing Workshop ({SAM 2000})},
    Month         = {March},
    Title         = {A Retina-like CMOS sensor and its applications},
    Year          = {2000},
}

@InProceedings{ScholkopfHeSmWi00,
    Address       = {London, UK},
    Author        = {B. Sch\"olkopf and R. Herbrich and A. J. Smola},
    Booktitle     = {Proc. of the 14th Conference on Computational Learning Theory},
    Pages         = {416--426},
    Publisher     = {Springer-Verlag},
    Title         = {A Generalized Representer Theorem},
    Year          = {2001},
}

@InProceedings{SerreWP05,
    Address       = {Washington, DC, USA},
    Author        = {Thomas Serre and Lior Wolf and Tomaso Poggio},
    Booktitle     = {Proceedings of the 2005 IEEE Computer Society Conference on Computer Vision and Pattern Recognition (CVPR'05) - Volume 2},
    Pages         = {994--1000},
    Publisher     = {IEEE Computer Society},
    Title         = {Object Recognition with Features Inspired by Visual Cortex},
    Year          = {2005},
}

@InProceedings{Shalev-ShwartzS05,
    Author        = {S. Shalev-Shwartz and Y. Singer},
    Booktitle     = {Proc. of the 18th Conference on Learning Theory},
    Pages         = {264--278},
    Title         = {A New Perspective on an Old Perceptron Algorithm},
    Year          = {2005},
}

@InProceedings{Shalev-ShwartzS08,
    Author        = {Shai Shalev-Shwartz and Nathan Srebro},
    Booktitle     = {Proc. of the 25th international conference on Machine learning},
    Pages         = {928--935},
    Title         = {{SVM} optimization: inverse dependence on training set size},
    Year          = {2008},
}

@InProceedings{Shalev-ShwartzSS07,
    Author        = {S. Shalev-Shwartz and Y. Singer and N. Srebro},
    Booktitle     = {Proc. of the 24th international conference on Machine learning},
    Pages         = {807--814},
    Title         = {Pegasos: {Primal} {Estimated} {sub-GrAdient} {SOlver} for {SVM}},
    Year          = {2007},
}

@InProceedings{SyedLS99,
    Author        = {N. Syed and H. Liu and K. Sung},
    Booktitle     = {Proceedings of the Workshop on Support Vector Machines at the International Joint Conference on Articial Intelligence (IJCAI-99)},
    Title         = {Incremental learning with support vector machines},
    Year          = {1999},
}

@InProceedings{TaskarGuKo03,
    Author        = {B. Taskar and C. Guestrin and D. Koller},
    Booktitle     = {Advances in Neural Information Processing Systems 17},
    Title         = {Max-Margin {Markov} Networks},
    Year          = {2003},
}

@InProceedings{TsochantaridisHoJoAl04,
    Author        = {I. Tsochantaridis and T. Hofmann and T. Joachims and Y. Altun},
    Booktitle     = {Proc. of the 21st International Conference on Machine Learning},
    Pages         = {823--830},
    Title         = {Support Vector Machine Learning for Interdependent and Structured Output Spaces},
    Year          = {2004},
}

@InProceedings{VarmaR07,
    Author        = {M. Varma and D. Ray},
    Booktitle     = {Proc. of the 11th International Conference on Computer Vision},
    Pages         = {1--8},
    Title         = {Learning The Discriminative Power-Invariance Trade-Off},
    Year          = {2007},
}

@InProceedings{Vovk90,
    Author        = {V. G. Vovk},
    Booktitle     = {COLT},
    Pages         = {371--386},
    Title         = {Aggregating Strategies},
    Year          = {1990},
}

@InProceedings{WallravenCG03,
    Author        = {C. Wallraven and B. Caputo and A. Graf.},
    Booktitle     = {Proceedings of ICCV'03},
    Title         = {Recognition with Local features: the kernel recipe},
    Year          = {2003},
}

@InProceedings{WarmuthJ97,
    Author        = {M.K. Warmuth and A.K. Jagota},
    Booktitle     = {Electronic proceedings of the 5th International Symposium on Artificial Intelligence and Mathematics},
    Title         = {Continuous and Discrete-Time Nonlinear Gradient Descent: Relative Loss Bounds and Convergence},
    Year          = {1997},
}

@InProceedings{WestonBB05,
    Author        = {J. Weston and A. Bordes and L. Bottou},
    Booktitle     = {Proc. of {AISTATS} 2005},
    Editor        = {Robert G. Cowell and Zoubin Ghahramani},
    Pages         = {413--420},
    Title         = {Online (and Offline) on an Even Tighter Budget},
    Year          = {2005},
}

@InProceedings{Zeitler07,
    Author        = {G. C. Zeitler and A. C. Singer and S. S. Kozat},
    Booktitle     = {Proc. of the IEEE International Conference on Acoustics, Speech and Signal Processing (ICASSP)},
    Pages         = {III-841--III-844},
    Title         = {Universal Piecewise Linear Regression of Individual Sequences: Lower Bound},
    Year          = {2007},
}

@InProceedings{ZienO07,
    Author        = {A. Zien and C. S. Ong},
    Booktitle     = {Proc. of the 24th International Conference on Machine Learning},
    Title         = {Multiclass Multiple Kernel Learning},
    Year          = {2007},
}

@InProceedings{degranville,
    Author        = {C. de Granville and J. Southerland and A. H. Fagg},
    Booktitle     = {Proceedings of the International Conference on Development and Learning (ICDL'06)},
    Title         = {Learning Grasp Affordances Through Human Demonstration},
    Year          = {2006},
}

@InProceedings{emma:irca05,
    Author        = {Emma Brunskill and Nicholas Roy},
    Booktitle     = {Proceedings ICRA'05},
    Title         = {{SLAM} using Incremental Probabilistic {PCA} and Dimensionality Reduction},
    Year          = {2005},
}

@InProceedings{friedrich,
    Author        = {H. Friedrich and V. Grossmann and M. Ehrenmann and O. Rogalla and R.-D. Z\"ollner and R. Dillmann},
    Booktitle     = {Proceedings of the IASTED International Conference on Intelligent Systems and Control, Santa Barbara (CA), USA},
    Month         = {oct},
    Pages         = {121--126},
    Title         = {Towards cognitive elementary operators: grasp classification using neural network classifiers},
    Year          = {1999},
}

@InProceedings{joachims2006,
    Author        = {Thorsten Joachims},
    Booktitle     = {Proceedings of the ACM Conference on Knowledge Discovery and Data Mining (KDD)},
    Editor        = {ACM},
    Title         = {Training Linear {SVM}s in Linear Time},
    Year          = {2006},
}

@InProceedings{linde:icpr04,
    Author        = {Oskar Linde and Tony Lindeberg},
    Booktitle     = {Proceedings ICPR'04},
    Title         = {Object recognition using composed receptive field histograms of higher dimensionality},
    Year          = {2004},
}

@InProceedings{luo:icra07,
    Author        = {J. Luo and A. Pronobis and B. Caputo and P. Jensfelt},
    Note          = {Accepted for {\it IROS'07}, to appear, 2007.},
    Title         = {Incremental Learning for Place Recognition in Dynamic Environments},
}

@InProceedings{nOrabona13,
    Author        = {F. Orabona},
    Booktitle     = {Advances in Neural Information Processing Systems 26},
    Editor        = {C. J. C. Burges and L. Bottou and M. Welling and Z. Ghahramani and K.Q. Weinberger},
    Pages         = {1806--1814},
    Publisher     = {Curran Associates, Inc.},
    Title         = {Dimension-free Exponentiated Gradient},
    Year          = {2013},
}

@InProceedings{pronobis:icvs06,
    Address       = {Gratz, Austria},
    Author        = {Andrzej Pronobis and Barbara Caputo},
    Booktitle     = {International Cognitive Vision Workshop},
    Title         = {The more you learn, the less you store: memory-controlled incremental support vector machines},
    Year          = {2006},
}

@Misc{OrabonaCCB13,
    Author        = {F. Orabona and K. Crammer and N. Cesa-Bianchi},
    Note          = {arXiv:1304.2994},
    Title         = {A Generalized Online Mirror Descent with Applications to Classification and Regression},
    Year          = {2013},
}

@TechReport{Bertsekas10,
    Author        = {D. P. Bertsekas},
    Institution   = {Lab. for Information and Decision Systems Report LIDS-P-2848, MIT},
    Month         = {August},
    Title         = {Incremental Gradient, Subgradient, and Proximal Methods for Convex Optimization: A Survey},
    Year          = {2010},
}

@TechReport{DuchiHS10,
    Author        = {J. Duchi and E. Hazan and Y. Singer},
    Institution   = {UC Berkeley Electrical Engineering and Computer Science},
    Note          = {Available at \url{http://cs.berkeley.edu/~jduchi/projects/DuchiHaSi10.pdf}},
    Number        = {2010-24},
    Title         = {Adaptive subgradient methods for online learning and stochastic optimization},
    Year          = {2010},
}

@TechReport{Joachims99,
    Address       = {Germany},
    Author        = {T. Joachims},
    Institution   = {Universit\"at Dortmund},
    Note          = {LS VIII-Report 25},
    Title         = {Estimating the generalization performance of a SVM efficiently},
    Year          = {1999},
}

@TechReport{LemelKaSe86,
    Author        = {L. Lemel and R. Kassel and S. Seneff},
    Institution   = {Proc. {DARPA} Speech Recognition Workshop},
    Number        = {SAIC-86/1546},
    Title         = {Speech database development: Design and analysis },
    Type          = {Report no.},
    Year          = {1986},
}

@TechReport{RakhlinT08,
    Author        = {A. Rakhlin and A. Tewari},
    Note          = {Available at \url{http://www-stat.wharton.upenn.edu/~rakhlin/papers/online_learning.pdf}},
    Title         = {Lecture notes on online learning},
    Year          = {2008},
}

@TechReport{Shalev-Shwartz07,
    Author        = {S. Shalev-Shwartz},
    Institution   = {The Hebrew University},
    Note          = {PhD thesis},
    Title         = {Online Learning: Theory, Algorithms, and Applications},
    Year          = {2007},
}

@TechReport{Shalev-ShwartzS07b,
    Author        = {S. Shalev-Shwartz and Y. Singer},
    Institution   = {The Hebrew University},
    Title         = {Logarithmic Regret Algorithms for Strongly Convex Repeated Games},
    Year          = {2007},
}

@Book{AbramowitzS64,
    Address       = {New York},
    Author        = {M. Abramowitz and I. A. Stegun},
    Publisher     = {Dover},
    Title         = {Handbook of Mathematical Functions with Formulas, Graphs, and Mathematical Tables},
    Year          = {1964},
}

@Book{BauschkeC2011,
    Author        = {Heinz H. Bauschke and Patrick L. Combettes},
    Edition       = {1st},
    Publisher     = {Springer Publishing Company, Incorporated},
    Title         = {Convex Analysis and Monotone Operator Theory in Hilbert Spaces},
    Year          = {2011},
}

@Book{Cesa-BianchiL06,
    Author        = {N. Cesa-Bianchi and G. Lugosi},
    Publisher     = {Cambridge University Press},
    Title         = {Prediction, learning, and games},
    Year          = {2006},
}

@Book{DudaHS00,
    Author        = {Richard O. Duda and Peter E. Hart and David G. Stork},
    Month         = {November},
    Publisher     = {Wiley-Interscience},
    Title         = {Pattern Classification (2nd Edition)},
    Year          = {2000},
}

@Book{Hofstadter99,
    Author        = {Douglas R. Hofstadter},
    Month         = {January},
    Publisher     = {{Basic Books}},
    Title         = {G\"odel, Escher, Bach: An Eternal Golden Braid},
    Year          = {1999},
}

@Book{Leventhal91,
    Author        = {A.G. Leventhal},
    Publisher     = {CRC Press},
    Title         = {The Neural Basis of Visual Function: Vision and Visual Dysfunction, vol. 4},
    Year          = {1991},
}

@Book{MatousekV01,
    Author        = {J. Matou{\v{s}}ek and J. Vondr{\'a}k},
    Publisher     = {Charles Univ.},
    Series        = {KAM-DIMATIA series},
    Title         = {The Probabilistic Method: Lecture Notes},
    Year          = {2001},
}

@Book{Nesterov2003,
    Author        = {Y. Nesterov},
    Publisher     = {Springer},
    Title         = {Introductory lectures on convex optimization: A basic course},
    Volume        = {87},
    Year          = {2003},
}

@Book{Rockafellar70,
    Author        = {R. T. Rockafellar},
    Publisher     = {Princeton University Press},
    Title         = {Convex Analysis (Princeton Mathematical Series)},
    Year          = {1970},
}

